<!DOCTYPE html>
<meta charset="utf-8" />
<!-- version 1 -->
<title>[Gen 8] Random Battle replay: PokeLLM vs. God of bob</title>
<style>
html,body {font-family:Verdana, sans-serif;font-size:10pt;margin:0;padding:0;}body{padding:12px 0;} .battle-log {font-family:Verdana, sans-serif;font-size:10pt;} .battle-log-inline {border:1px solid #AAAAAA;background:#EEF2F5;color:black;max-width:640px;margin:0 auto 80px;padding-bottom:5px;} .battle-log .inner {padding:4px 8px 0px 8px;} .battle-log .inner-preempt {padding:0 8px 4px 8px;} .battle-log .inner-after {margin-top:0.5em;} .battle-log h2 {margin:0.5em -8px;padding:4px 8px;border:1px solid #AAAAAA;background:#E0E7EA;border-left:0;border-right:0;font-family:Verdana, sans-serif;font-size:13pt;} .battle-log .chat {vertical-align:middle;padding:3px 0 3px 0;font-size:8pt;} .battle-log .chat strong {color:#40576A;} .battle-log .chat em {padding:1px 4px 1px 3px;color:#000000;font-style:normal;} .chat.mine {background:rgba(0,0,0,0.05);margin-left:-8px;margin-right:-8px;padding-left:8px;padding-right:8px;} .spoiler {color:#BBBBBB;background:#BBBBBB;padding:0px 3px;} .spoiler:hover, .spoiler:active, .spoiler-shown {color:#000000;background:#E2E2E2;padding:0px 3px;} .spoiler a {color:#BBBBBB;} .spoiler:hover a, .spoiler:active a, .spoiler-shown a {color:#2288CC;} .chat code, .chat .spoiler:hover code, .chat .spoiler:active code, .chat .spoiler-shown code {border:1px solid #C0C0C0;background:#EEEEEE;color:black;padding:0 2px;} .chat .spoiler code {border:1px solid #CCCCCC;background:#CCCCCC;color:#CCCCCC;} .battle-log .rated {padding:3px 4px;} .battle-log .rated strong {color:white;background:#89A;padding:1px 4px;border-radius:4px;} .spacer {margin-top:0.5em;} .message-announce {background:#6688AA;color:white;padding:1px 4px 2px;} .message-announce a, .broadcast-green a, .broadcast-blue a, .broadcast-red a {color:#DDEEFF;} .broadcast-green {background-color:#559955;color:white;padding:2px 4px;} .broadcast-blue {background-color:#6688AA;color:white;padding:2px 4px;} .infobox {border:1px solid #6688AA;padding:2px 4px;} .infobox-limited {max-height:200px;overflow:auto;overflow-x:hidden;} .broadcast-red {background-color:#AA5544;color:white;padding:2px 4px;} .message-learn-canlearn {font-weight:bold;color:#228822;text-decoration:underline;} .message-learn-cannotlearn {font-weight:bold;color:#CC2222;text-decoration:underline;} .message-effect-weak {font-weight:bold;color:#CC2222;} .message-effect-resist {font-weight:bold;color:#6688AA;} .message-effect-immune {font-weight:bold;color:#666666;} .message-learn-list {margin-top:0;margin-bottom:0;} .message-throttle-notice, .message-error {color:#992222;} .message-overflow, .chat small.message-overflow {font-size:0pt;} .message-overflow::before {font-size:9pt;content:'...';} .subtle {color:#3A4A66;}
</style>
<div class="wrapper replay-wrapper" style="max-width:1180px;margin:0 auto">
<input type="hidden" name="replayid" value="gen8randombattle-2044364165" />
<div class="battle"></div><div class="battle-log"></div><div class="replay-controls"></div><div class="replay-controls-2"></div>
<h1 style="font-weight:normal;text-align:center"><strong>[Gen 8] Random Battle</strong><br /><a href="http://pokemonshowdown.com/users/pokellm" class="subtle" target="_blank">PokeLLM</a> vs. <a href="http://pokemonshowdown.com/users/godofbob" class="subtle" target="_blank">God of bob</a></h1>
<script type="text/plain" class="battle-log-data">|j|☆PokeLLM

|j|☆God of bob
|t:|1706250491
|gametype|singles
|player|p1|PokeLLM|supernerd|1000
|player|p2|God of bob|101|1064
|teamsize|p1|6
|teamsize|p2|6
|gen|8
|tier|[Gen 8] Random Battle
|rated|
|rule|Species Clause: Limit one of each Pokémon
|rule|HP Percentage Mod: HP is shown in percentages
|rule|Sleep Clause Mod: Limit one foe put to sleep
|rule|Illusion Level Mod: Illusion disguises the Pokémon's true level
|
|t:|1706250491
|start
|switch|p1a: Delibird|Delibird, M|252\/252
|switch|p2a: Sawk|Sawk, L86, M|100\/100
|-ability|p2a: Sawk|Mold Breaker
|turn|1
|
|t:|1706250503
|-start|p1a: Delibird|Dynamax|
|-heal|p1a: Delibird|504\/504|[silent]
|move|p1a: Delibird|Max Hailstorm|p2a: Sawk
|-damage|p2a: Sawk|48\/100
|-weather|Hail
|move|p2a: Sawk|Bulk Up|p2a: Sawk
|-boost|p2a: Sawk|atk|1
|-boost|p2a: Sawk|def|1
|
|-weather|Hail|[upkeep]
|-damage|p2a: Sawk|42\/100|[from] Hail
|upkeep
|turn|2
|
|t:|1706250520
|-start|p2a: Sawk|Dynamax|
|-heal|p2a: Sawk|42\/100|[silent]
|move|p1a: Delibird|Max Hailstorm|p2a: Sawk
|-damage|p2a: Sawk|14\/100
|move|p2a: Sawk|Max Knuckle|p1a: Delibird
|-damage|p1a: Delibird|171\/504
|-boost|p2a: Sawk|atk|1
|-damage|p2a: Sawk|10\/100|[from] item: Life Orb
|
|-weather|Hail|[upkeep]
|-damage|p2a: Sawk|7\/100|[from] Hail
|upkeep
|turn|3
|
|t:|1706250537
|move|p2a: Sawk|Max Guard|p2a: Sawk
|-singleturn|p2a: Sawk|Max Guard
|move|p1a: Delibird|Max Hailstorm|p2a: Sawk
|-activate|p2a: Sawk|move: Max Guard
|
|-weather|Hail|[upkeep]
|-damage|p2a: Sawk|4\/100|[from] Hail
|upkeep
|-end|p1a: Delibird|Dynamax
|-heal|p1a: Delibird|86\/252|[silent]
|turn|4
|
|t:|1706250547
|move|p1a: Delibird|Freeze-Dry|p2a: Sawk
|-damage|p2a: Sawk|0 fnt
|faint|p2a: Sawk
|
|-weather|Hail|[upkeep]
|upkeep
|
|t:|1706250557
|switch|p2a: Uxie|Uxie, L82|100\/100
|turn|5
|
|t:|1706250562
|move|p1a: Delibird|Memento|p2a: Uxie
|-unboost|p2a: Uxie|atk|2
|-unboost|p2a: Uxie|spa|2
|faint|p1a: Delibird
|move|p2a: Uxie|Psychic|p1: Delibird|[notarget]
|-fail|p2a: Uxie
|
|-weather|none
|upkeep
|
|t:|1706250564
|switch|p1a: Azelf|Azelf, L81|254\/254
|turn|6
|
|t:|1706250573
|switch|p2a: Vikavolt|Vikavolt, L82, F|100\/100
|move|p1a: Azelf|U-turn|p2a: Vikavolt
|-damage|p2a: Vikavolt|80\/100
|
|t:|1706250622
|switch|p1a: Diancie|Diancie, L82|216\/216|[from] U-turn
|
|upkeep
|turn|7
|
|t:|1706250629
|move|p1a: Diancie|Diamond Storm|p2a: Vikavolt
|-supereffective|p2a: Vikavolt
|-damage|p2a: Vikavolt|0 fnt
|-boost|p1a: Diancie|def|2
|faint|p2a: Vikavolt
|
|upkeep
|
|t:|1706250640
|switch|p2a: Uxie|Uxie, L82|100\/100
|turn|8
|
|t:|1706250658
|move|p2a: Uxie|Yawn|p1a: Diancie
|-start|p1a: Diancie|move: Yawn|[of] p2a: Uxie
|move|p1a: Diancie|Moonblast|p2a: Uxie
|-damage|p2a: Uxie|73\/100
|
|-heal|p2a: Uxie|79\/100|[from] item: Leftovers
|upkeep
|turn|9
|
|t:|1706250682
|move|p2a: Uxie|Psychic|p1a: Diancie
|-damage|p1a: Diancie|162\/216
|move|p1a: Diancie|Moonblast|p2a: Uxie
|-damage|p2a: Uxie|53\/100
|-unboost|p2a: Uxie|spa|1
|
|-heal|p2a: Uxie|59\/100|[from] item: Leftovers
|-heal|p1a: Diancie|175\/216|[from] item: Leftovers
|-end|p1a: Diancie|move: Yawn|[silent]
|-status|p1a: Diancie|slp
|upkeep
|turn|10
|
|t:|1706250694
|switch|p1a: Azelf|Azelf, L81|254\/254
|move|p2a: Uxie|U-turn|p1a: Azelf
|-supereffective|p1a: Azelf
|-damage|p1a: Azelf|166\/254
|
|t:|1706250703
|switch|p2a: Stunfisk|Stunfisk, L83, M|100\/100|[from] U-turn
|
|-heal|p1a: Azelf|181\/254|[from] item: Leftovers
|upkeep
|turn|11
|-message|God of bob forfeited.
|
|win|PokeLLM
|raw|PokeLLM's rating: 1000 &rarr; <strong>1047<\/strong><br \/>(+47 for winning)
|raw|God of bob's rating: 1064 &rarr; <strong>1041<\/strong><br \/>(-23 for losing)
|l|☆God of bob</script>
</div>
<div class="battle-log battle-log-inline"><div class="inner"><div class="battle-options"><div style="padding-top: 3px; padding-right: 3px; text-align: right"><button class="icon button" name="openBattleOptions" title="Options">Battle Options</button></div></div><div class="inner message-log"><div class="chat"><small>☆PokeLLM and ☆God of bob joined</small></div><div class=""><small>Format:</small> <br><strong>[Gen 8] Random Battle</strong></div><div class="rated"><strong>Rated battle</strong></div><div class=""><small><em>Species Clause:</em> Limit one of each Pokémon</small></div><div class=""><small><em>HP Percentage Mod:</em> HP is shown in percentages</small></div><div class=""><small><em>Sleep Clause Mod:</em> Limit one foe put to sleep</small></div><div class=""><small><em>Illusion Level Mod:</em> Illusion disguises the Pokémon's true level</small></div><div class="spacer battle-history"><br></div><div class="battle-history">Battle started between PokeLLM and God of bob!<br></div><div class="spacer battle-history"><br></div><div class="battle-history">Go! <strong>Delibird</strong>!<br></div><div class="spacer battle-history"><br></div><div class="battle-history">God of bob sent out <strong>Sawk</strong>!<br></div><div class="battle-history">[The opposing Sawk's Mold Breaker]<br><small>The opposing Sawk breaks the mold!</small><br></div><div class="spacer battle-history"><br></div><h2 class="battle-history">Turn 1</h2><div class="spacer battle-history"><br></div><div class="battle-history"><small>(Delibird's Dynamax!)</small><br></div><div class="spacer battle-history"><br></div><div class="battle-history">Delibird used <strong>Max Hailstorm</strong>!<br></div><div class="battle-history"><small>(The opposing Sawk lost 52% of its health!)</small><br></div><div class="battle-history"><small>It started to hail!</small><br></div><div class="spacer battle-history"><br></div><div class="battle-history">The opposing Sawk used <strong>Bulk Up</strong>!<br></div><div class="battle-history"><small>The opposing Sawk's Attack rose!</small><br></div><div class="battle-history"><small>The opposing Sawk's Defense rose!</small><br></div><div class="spacer battle-history"><br></div><div class="battle-history"><small>(The hail is crashing down.)</small><br></div><div class="battle-history"><small>The opposing Sawk is buffeted by the hail!</small><br></div><div class="spacer battle-history"><br></div><h2 class="battle-history">Turn 2</h2><div class="spacer battle-history"><br></div><div class="battle-history"><small>(The opposing Sawk's Dynamax!)</small><br></div><div class="spacer battle-history"><br></div><div class="battle-history">Delibird used <strong>Max Hailstorm</strong>!<br></div><div class="battle-history"><small>(The opposing Sawk lost 28% of its health!)</small><br></div><div class="spacer battle-history"><br></div><div class="battle-history">The opposing Sawk used <strong>Max Knuckle</strong>!<br></div><div class="battle-history"><small>(Delibird lost <abbr title="−333/504">66.1%</abbr> of its health!)</small><br></div><div class="battle-history"><small>The opposing Sawk's Attack rose!</small><br></div><div class="battle-history"><small>The opposing Sawk lost some of its HP!</small><br></div><div class="spacer battle-history"><br></div><div class="battle-history"><small>(The hail is crashing down.)</small><br></div><div class="battle-history"><small>The opposing Sawk is buffeted by the hail!</small><br></div><div class="spacer battle-history"><br></div><h2 class="battle-history">Turn 3</h2><div class="spacer battle-history"><br></div><div class="battle-history">The opposing Sawk used <strong>Max Guard</strong>!<br></div><div class="battle-history"><small>(Max Guard started on the opposing Sawk!)</small><br></div><div class="spacer battle-history"><br></div><div class="battle-history">Delibird used <strong>Max Hailstorm</strong>!<br></div><div class="battle-history"><small>The opposing Sawk protected itself!</small><br></div><div class="spacer battle-history"><br></div><div class="battle-history"><small>(The hail is crashing down.)</small><br></div><div class="battle-history"><small>The opposing Sawk is buffeted by the hail!</small><br></div><div class="spacer battle-history"><br></div><div class="battle-history"><small>(Delibird returned to normal!)</small><br></div><div class="spacer battle-history"><br></div><h2 class="battle-history">Turn 4</h2><div class="spacer battle-history"><br></div><div class="battle-history">Delibird used <strong>Freeze-Dry</strong>!<br></div><div class="battle-history"><small>(The opposing Sawk lost 4% of its health!)</small><br></div><div class="spacer battle-history"><br></div><div class="battle-history">The opposing Sawk fainted!<br></div><div class="spacer battle-history"><br></div><div class="battle-history"><small>(The hail is crashing down.)</small><br></div><div class="spacer battle-history"><br></div><div class="battle-history">God of bob sent out <strong>Uxie</strong>!<br></div><div class="spacer battle-history"><br></div><h2 class="battle-history">Turn 5</h2><div class="spacer battle-history"><br></div><div class="battle-history">Delibird used <strong>Memento</strong>!<br></div><div class="battle-history"><small>The opposing Uxie's Attack fell harshly!</small><br></div><div class="battle-history"><small>The opposing Uxie's Sp. Atk fell harshly!</small><br></div><div class="spacer battle-history"><br></div><div class="battle-history">Delibird fainted!<br></div><div class="battle-history">The opposing Uxie used <strong>Psychic</strong>!<br></div><div class="battle-history"><small>But it failed!</small><br></div><div class="spacer battle-history"><br></div><div class="battle-history"><small>The hail stopped.</small><br></div><div class="spacer battle-history"><br></div><div class="battle-history">Go! <strong>Azelf</strong>!<br></div><div class="spacer battle-history"><br></div><h2 class="battle-history">Turn 6</h2><div class="spacer battle-history"><br></div><div class="battle-history">God of bob withdrew Uxie!<br></div><div class="battle-history">God of bob sent out <strong>Vikavolt</strong>!<br></div><div class="spacer battle-history"><br></div><div class="battle-history">Azelf used <strong>U-turn</strong>!<br></div><div class="battle-history"><small>(The opposing Vikavolt lost 20% of its health!)</small><br></div><div class="spacer battle-history"><br></div><div class="battle-history">Azelf went back to PokeLLM!<br></div><div class="battle-history">Go! <strong>Diancie</strong>!<br></div><div class="spacer battle-history"><br></div><h2 class="battle-history">Turn 7</h2><div class="spacer battle-history"><br></div><div class="battle-history">Diancie used <strong>Diamond Storm</strong>!<br></div><div class="battle-history"><small>It's super effective!</small><br></div><div class="battle-history"><small>(The opposing Vikavolt lost 80% of its health!)</small><br></div><div class="battle-history"><small>Diancie's Defense rose sharply!</small><br></div><div class="spacer battle-history"><br></div><div class="battle-history">The opposing Vikavolt fainted!<br></div><div class="spacer battle-history"><br></div><div class="battle-history">God of bob sent out <strong>Uxie</strong>!<br></div><div class="spacer battle-history"><br></div><h2 class="battle-history">Turn 8</h2><div class="spacer battle-history"><br></div><div class="battle-history">The opposing Uxie used <strong>Yawn</strong>!<br></div><div class="battle-history"><small>Diancie grew drowsy!</small><br></div><div class="spacer battle-history"><br></div><div class="battle-history">Diancie used <strong>Moonblast</strong>!<br></div><div class="battle-history"><small>(The opposing Uxie lost 27% of its health!)</small><br></div><div class="spacer battle-history"><br></div><div class="battle-history"><small>The opposing Uxie restored a little HP using its Leftovers!</small><br></div><div class="spacer battle-history"><br></div><h2 class="battle-history">Turn 9</h2><div class="spacer battle-history"><br></div><div class="battle-history">The opposing Uxie used <strong>Psychic</strong>!<br></div><div class="battle-history"><small>(Diancie lost <abbr title="−54/216">25%</abbr> of its health!)</small><br></div><div class="spacer battle-history"><br></div><div class="battle-history">Diancie used <strong>Moonblast</strong>!<br></div><div class="battle-history"><small>(The opposing Uxie lost 26% of its health!)</small><br></div><div class="battle-history"><small>The opposing Uxie's Sp. Atk fell!</small><br></div><div class="spacer battle-history"><br></div><div class="battle-history"><small>The opposing Uxie restored a little HP using its Leftovers!</small><br></div><div class="battle-history"><small>Diancie restored a little HP using its Leftovers!</small><br></div><div class="battle-history"><small>Diancie fell asleep!</small><br></div><div class="spacer battle-history"><br></div><h2 class="battle-history">Turn 10</h2><div class="spacer battle-history"><br></div><div class="battle-history">Diancie, come back!<br></div><div class="battle-history">Go! <strong>Azelf</strong>!<br></div><div class="spacer battle-history"><br></div><div class="battle-history">The opposing Uxie used <strong>U-turn</strong>!<br></div><div class="battle-history"><small>It's super effective!</small><br></div><div class="battle-history"><small>(Azelf lost <abbr title="−88/254">34.6%</abbr> of its health!)</small><br></div><div class="spacer battle-history"><br></div><div class="battle-history">The opposing Uxie went back to God of bob!<br></div><div class="battle-history">God of bob sent out <strong>Stunfisk</strong>!<br></div><div class="spacer battle-history"><br></div><div class="battle-history"><small>Azelf restored a little HP using its Leftovers!</small><br></div><div class="spacer battle-history"><br></div><h2 class="battle-history">Turn 11</h2><div class="spacer battle-history"><br></div><div class="battle-history"><small>God of bob forfeited.</small><br></div><div class="spacer battle-history"><br></div><div class="battle-history"><strong>PokeLLM</strong> won the battle!<br></div><div class="chat">PokeLLM's rating: 1000 → <strong>1047</strong><br>(+47 for winning)</div><div class="chat">God of bob's rating: 1064 → <strong>1041</strong><br>(-23 for losing)</div><div class="chat"><small>☆God of bob left</small></div></div><div class="inner-preempt message-log"></div></div></div>
</div>
<script>
let daily = Math.floor(Date.now()/1000/60/60/24);document.write('<script src="https://play.pokemonshowdown.com/js/replay-embed.js?version'+daily+'"></'+'script>');
</script>
