<!DOCTYPE html>
<meta charset="utf-8" />
<!-- version 1 -->
<title>[Gen 8] Random Battle replay: PokeLLM vs. icysk8erfyb17</title>
<style>
html,body {font-family:Verdana, sans-serif;font-size:10pt;margin:0;padding:0;}body{padding:12px 0;} .battle-log {font-family:Verdana, sans-serif;font-size:10pt;} .battle-log-inline {border:1px solid #AAAAAA;background:#EEF2F5;color:black;max-width:640px;margin:0 auto 80px;padding-bottom:5px;} .battle-log .inner {padding:4px 8px 0px 8px;} .battle-log .inner-preempt {padding:0 8px 4px 8px;} .battle-log .inner-after {margin-top:0.5em;} .battle-log h2 {margin:0.5em -8px;padding:4px 8px;border:1px solid #AAAAAA;background:#E0E7EA;border-left:0;border-right:0;font-family:Verdana, sans-serif;font-size:13pt;} .battle-log .chat {vertical-align:middle;padding:3px 0 3px 0;font-size:8pt;} .battle-log .chat strong {color:#40576A;} .battle-log .chat em {padding:1px 4px 1px 3px;color:#000000;font-style:normal;} .chat.mine {background:rgba(0,0,0,0.05);margin-left:-8px;margin-right:-8px;padding-left:8px;padding-right:8px;} .spoiler {color:#BBBBBB;background:#BBBBBB;padding:0px 3px;} .spoiler:hover, .spoiler:active, .spoiler-shown {color:#000000;background:#E2E2E2;padding:0px 3px;} .spoiler a {color:#BBBBBB;} .spoiler:hover a, .spoiler:active a, .spoiler-shown a {color:#2288CC;} .chat code, .chat .spoiler:hover code, .chat .spoiler:active code, .chat .spoiler-shown code {border:1px solid #C0C0C0;background:#EEEEEE;color:black;padding:0 2px;} .chat .spoiler code {border:1px solid #CCCCCC;background:#CCCCCC;color:#CCCCCC;} .battle-log .rated {padding:3px 4px;} .battle-log .rated strong {color:white;background:#89A;padding:1px 4px;border-radius:4px;} .spacer {margin-top:0.5em;} .message-announce {background:#6688AA;color:white;padding:1px 4px 2px;} .message-announce a, .broadcast-green a, .broadcast-blue a, .broadcast-red a {color:#DDEEFF;} .broadcast-green {background-color:#559955;color:white;padding:2px 4px;} .broadcast-blue {background-color:#6688AA;color:white;padding:2px 4px;} .infobox {border:1px solid #6688AA;padding:2px 4px;} .infobox-limited {max-height:200px;overflow:auto;overflow-x:hidden;} .broadcast-red {background-color:#AA5544;color:white;padding:2px 4px;} .message-learn-canlearn {font-weight:bold;color:#228822;text-decoration:underline;} .message-learn-cannotlearn {font-weight:bold;color:#CC2222;text-decoration:underline;} .message-effect-weak {font-weight:bold;color:#CC2222;} .message-effect-resist {font-weight:bold;color:#6688AA;} .message-effect-immune {font-weight:bold;color:#666666;} .message-learn-list {margin-top:0;margin-bottom:0;} .message-throttle-notice, .message-error {color:#992222;} .message-overflow, .chat small.message-overflow {font-size:0pt;} .message-overflow::before {font-size:9pt;content:'...';} .subtle {color:#3A4A66;}
</style>
<div class="wrapper replay-wrapper" style="max-width:1180px;margin:0 auto">
<input type="hidden" name="replayid" value="gen8randombattle-2044789672" />
<div class="battle"></div><div class="battle-log"></div><div class="replay-controls"></div><div class="replay-controls-2"></div>
<h1 style="font-weight:normal;text-align:center"><strong>[Gen 8] Random Battle</strong><br /><a href="http://pokemonshowdown.com/users/pokellm" class="subtle" target="_blank">PokeLLM</a> vs. <a href="http://pokemonshowdown.com/users/icysk8erfyb17" class="subtle" target="_blank">icysk8erfyb17</a></h1>
<script type="text/plain" class="battle-log-data">|j|☆PokeLLM

|j|☆icysk8erfyb17
|t:|1706295910
|gametype|singles
|player|p1|PokeLLM|supernerd|1103
|player|p2|icysk8erfyb17|169|1078
|teamsize|p1|6
|teamsize|p2|6
|gen|8
|tier|[Gen 8] Random Battle
|rated|
|rule|Species Clause: Limit one of each Pokémon
|rule|HP Percentage Mod: HP is shown in percentages
|rule|Sleep Clause Mod: Limit one foe put to sleep
|rule|Illusion Level Mod: Illusion disguises the Pokémon's true level
|
|t:|1706295910
|start
|switch|p1a: Rayquaza|Rayquaza, L74|277\/277
|switch|p2a: Charizard|Charizard, L82, F|100\/100
|-ability|p1a: Rayquaza|Air Lock
|turn|1
|
|t:|1706295931
|switch|p2a: Avalugg|Avalugg, L86, M|100\/100
|switch|p1a: Lucario|Lucario, L81, M|246\/246
|
|upkeep
|turn|2
|
|t:|1706295938
|-start|p1a: Lucario|Dynamax|
|-heal|p1a: Lucario|492\/492|[silent]
|move|p1a: Lucario|Max Knuckle|p2a: Avalugg
|-supereffective|p2a: Avalugg
|-damage|p2a: Avalugg|67\/100
|-boost|p1a: Lucario|atk|1
|move|p2a: Avalugg|Body Press|p1a: Lucario
|-supereffective|p1a: Lucario
|-damage|p1a: Lucario|262\/492
|
|-heal|p2a: Avalugg|73\/100|[from] item: Leftovers
|upkeep
|turn|3
|
|t:|1706295950
|move|p1a: Lucario|Max Knuckle|p2a: Avalugg
|-supereffective|p2a: Avalugg
|-damage|p2a: Avalugg|15\/100
|-boost|p1a: Lucario|atk|1
|move|p2a: Avalugg|Body Press|p1a: Lucario
|-supereffective|p1a: Lucario
|-damage|p1a: Lucario|18\/492
|
|-heal|p2a: Avalugg|21\/100|[from] item: Leftovers
|upkeep
|turn|4
|
|t:|1706295961
|move|p1a: Lucario|Max Rockfall|p2a: Avalugg
|-supereffective|p2a: Avalugg
|-damage|p2a: Avalugg|0 fnt
|-weather|Sandstorm
|faint|p2a: Avalugg
|
|-weather|Sandstorm|[upkeep]
|upkeep
|
|t:|1706295983
|switch|p2a: Charizard|Charizard, L82, F|100\/100
|-end|p1a: Lucario|Dynamax
|-heal|p1a: Lucario|9\/246|[silent]
|turn|5
|
|t:|1706295988
|move|p2a: Charizard|Air Slash|p1a: Lucario
|-damage|p1a: Lucario|0 fnt
|faint|p1a: Lucario
|
|-weather|Sandstorm|[upkeep]
|-damage|p2a: Charizard|94\/100|[from] Sandstorm
|upkeep
|
|t:|1706295991
|switch|p1a: Pheromosa|Pheromosa, L74|227\/227
|turn|6
|
|t:|1706295998
|move|p1a: Pheromosa|Ice Beam|p2a: Charizard
|-damage|p2a: Charizard|59\/100
|-status|p2a: Charizard|frz
|-damage|p1a: Pheromosa|205\/227|[from] item: Life Orb
|cant|p2a: Charizard|frz
|
|-weather|Sandstorm|[upkeep]
|-damage|p1a: Pheromosa|191\/227|[from] Sandstorm
|-damage|p2a: Charizard|53\/100 frz|[from] Sandstorm
|upkeep
|turn|7
|
|t:|1706296006
|move|p1a: Pheromosa|Ice Beam|p2a: Charizard
|-damage|p2a: Charizard|20\/100 frz
|-damage|p1a: Pheromosa|169\/227|[from] item: Life Orb
|cant|p2a: Charizard|frz
|
|-weather|Sandstorm|[upkeep]
|-damage|p1a: Pheromosa|155\/227|[from] Sandstorm
|-damage|p2a: Charizard|14\/100 frz|[from] Sandstorm
|upkeep
|turn|8
|
|t:|1706296013
|move|p1a: Pheromosa|Ice Beam|p2a: Charizard
|-damage|p2a: Charizard|0 fnt
|faint|p2a: Charizard
|-ability|p1a: Pheromosa|Beast Boost|boost
|-boost|p1a: Pheromosa|spe|1
|-damage|p1a: Pheromosa|133\/227|[from] item: Life Orb
|
|-weather|none
|upkeep
|
|t:|1706296021
|switch|p2a: Keldeo|Keldeo-Resolute, L77|100\/100
|turn|9
|
|t:|1706296024
|move|p1a: Pheromosa|Close Combat|p2a: Keldeo
|-damage|p2a: Keldeo|36\/100
|-unboost|p1a: Pheromosa|def|1
|-unboost|p1a: Pheromosa|spd|1
|-damage|p1a: Pheromosa|111\/227|[from] item: Life Orb
|move|p2a: Keldeo|Air Slash|p1a: Pheromosa
|-supereffective|p1a: Pheromosa
|-damage|p1a: Pheromosa|0 fnt
|faint|p1a: Pheromosa
|-damage|p2a: Keldeo|26\/100|[from] item: Life Orb
|
|upkeep
|
|t:|1706296026
|switch|p1a: Leafeon|Leafeon, L86, F|252\/252
|turn|10
|
|t:|1706296041
|move|p1a: Leafeon|Leaf Blade|p2a: Keldeo
|-supereffective|p2a: Keldeo
|-damage|p2a: Keldeo|0 fnt
|faint|p2a: Keldeo
|
|upkeep
|
|t:|1706296053
|switch|p2a: Diggersby|Diggersby, L80, F|100\/100
|turn|11
|
|t:|1706296057
|move|p1a: Leafeon|Leaf Blade|p2a: Diggersby
|-supereffective|p2a: Diggersby
|-damage|p2a: Diggersby|8\/100
|move|p2a: Diggersby|Body Slam|p1a: Leafeon
|-damage|p1a: Leafeon|142\/252
|-damage|p2a: Diggersby|0 fnt|[from] item: Life Orb
|faint|p2a: Diggersby
|
|upkeep
|
|t:|1706296066
|switch|p2a: Clawitzer|Clawitzer, L85, F|100\/100
|turn|12
|
|t:|1706296071
|move|p1a: Leafeon|Leaf Blade|p2a: Clawitzer
|-supereffective|p2a: Clawitzer
|-damage|p2a: Clawitzer|21\/100
|move|p2a: Clawitzer|Ice Beam|p1a: Leafeon
|-supereffective|p1a: Leafeon
|-crit|p1a: Leafeon
|-damage|p1a: Leafeon|0 fnt
|faint|p1a: Leafeon
|
|upkeep
|
|t:|1706296075
|switch|p1a: Porygon2|Porygon2, L82|274\/274
|-ability|p1a: Porygon2|Mega Launcher|[from] ability: Trace|[of] p2a: Clawitzer
|turn|13
|
|t:|1706296085
|move|p2a: Clawitzer|Ice Beam|p1a: Porygon2
|-damage|p1a: Porygon2|205\/274
|move|p1a: Porygon2|Discharge|p2a: Clawitzer
|-supereffective|p2a: Clawitzer
|-damage|p2a: Clawitzer|0 fnt
|faint|p2a: Clawitzer
|
|upkeep
|
|t:|1706296091
|switch|p2a: Turtonator|Turtonator, L84, M|100\/100
|turn|14
|
|t:|1706296095
|switch|p1a: Garchomp|Garchomp, L74, M|282\/282
|move|p2a: Turtonator|Shell Smash|p2a: Turtonator
|-unboost|p2a: Turtonator|def|1
|-unboost|p2a: Turtonator|spd|1
|-boost|p2a: Turtonator|atk|2
|-boost|p2a: Turtonator|spa|2
|-boost|p2a: Turtonator|spe|2
|-enditem|p2a: Turtonator|White Herb
|-clearnegativeboost|p2a: Turtonator|[silent]
|
|upkeep
|turn|15
|c|☆icysk8erfyb17|gg i won
|inactive|Battle timer is ON: inactive players will automatically lose when time's up. (requested by PokeLLM)
|inactive|Time left: 150 sec this turn | 150 sec total | 60 sec grace
|
|t:|1706296127
|-start|p2a: Turtonator|Dynamax|
|-heal|p2a: Turtonator|100\/100|[silent]
|move|p2a: Turtonator|Max Wyrmwind|p1a: Garchomp
|-supereffective|p1a: Garchomp
|-damage|p1a: Garchomp|0 fnt
|faint|p1a: Garchomp
|
|upkeep
|inactive|Time left: 150 sec this turn | 150 sec total
|
|t:|1706296130
|switch|p1a: Rayquaza|Rayquaza, L74|277\/277
|-ability|p1a: Rayquaza|Air Lock
|turn|16
|inactive|Time left: 150 sec this turn | 150 sec total
|
|t:|1706296136
|move|p2a: Turtonator|Max Wyrmwind|p1a: Rayquaza
|-supereffective|p1a: Rayquaza
|-damage|p1a: Rayquaza|0 fnt
|faint|p1a: Rayquaza
|
|upkeep
|inactive|Time left: 150 sec this turn | 150 sec total
|
|t:|1706296136
|switch|p1a: Porygon2|Porygon2, L82|205\/274
|-ability|p1a: Porygon2|Shell Armor|[from] ability: Trace|[of] p2a: Turtonator
|turn|17
|inactive|Time left: 150 sec this turn | 150 sec total
|
|t:|1706296165
|move|p2a: Turtonator|Max Quake|p1a: Porygon2
|-damage|p1a: Porygon2|108\/274
|-boost|p2a: Turtonator|spd|1
|move|p1a: Porygon2|Toxic|p2a: Turtonator|[miss]
|-miss|p1a: Porygon2|p2a: Turtonator
|
|upkeep
|-end|p2a: Turtonator|Dynamax
|-heal|p2a: Turtonator|100\/100|[silent]
|turn|18
|inactive|Time left: 150 sec this turn | 150 sec total
|
|t:|1706296174
|move|p2a: Turtonator|Earthquake|p1a: Porygon2
|-damage|p1a: Porygon2|31\/274
|move|p1a: Porygon2|Recover|p1a: Porygon2
|-heal|p1a: Porygon2|168\/274
|
|upkeep
|turn|19
|inactive|Time left: 150 sec this turn | 150 sec total
|
|t:|1706296180
|move|p2a: Turtonator|Earthquake|p1a: Porygon2
|-damage|p1a: Porygon2|91\/274
|move|p1a: Porygon2|Recover|p1a: Porygon2
|-heal|p1a: Porygon2|228\/274
|
|upkeep
|turn|20
|inactive|Time left: 150 sec this turn | 150 sec total
|
|t:|1706296186
|move|p2a: Turtonator|Fire Blast|p1a: Porygon2|[miss]
|-miss|p2a: Turtonator|p1a: Porygon2
|move|p1a: Porygon2|Toxic|p2a: Turtonator
|-status|p2a: Turtonator|tox
|
|-damage|p2a: Turtonator|95\/100 tox|[from] psn
|upkeep
|turn|21
|inactive|Time left: 150 sec this turn | 150 sec total
|
|t:|1706296198
|move|p2a: Turtonator|Fire Blast|p1a: Porygon2
|-damage|p1a: Porygon2|98\/274
|move|p1a: Porygon2|Recover|p1a: Porygon2
|-heal|p1a: Porygon2|235\/274
|
|-damage|p2a: Turtonator|83\/100 tox|[from] psn
|upkeep
|turn|22
|inactive|Time left: 150 sec this turn | 150 sec total
|
|t:|1706296219
|move|p2a: Turtonator|Fire Blast|p1a: Porygon2
|-damage|p1a: Porygon2|85\/274
|move|p1a: Porygon2|Recover|p1a: Porygon2
|-heal|p1a: Porygon2|222\/274
|
|-damage|p2a: Turtonator|65\/100 tox|[from] psn
|upkeep
|turn|23
|inactive|Time left: 140 sec this turn | 140 sec total
|
|t:|1706296227
|move|p2a: Turtonator|Fire Blast|p1a: Porygon2|[miss]
|-miss|p2a: Turtonator|p1a: Porygon2
|move|p1a: Porygon2|Recover|p1a: Porygon2
|-heal|p1a: Porygon2|274\/274
|
|-damage|p2a: Turtonator|42\/100 tox|[from] psn
|upkeep
|turn|24
|inactive|Time left: 145 sec this turn | 145 sec total
|-message|icysk8erfyb17 forfeited.
|
|win|PokeLLM
|inactive|Time left: 150 sec this turn | 150 sec total
|raw|PokeLLM's rating: 1103 &rarr; <strong>1126<\/strong><br \/>(+23 for winning)
|raw|icysk8erfyb17's rating: 1078 &rarr; <strong>1058<\/strong><br \/>(-20 for losing)
|c|☆PokeLLM|really?
|l|☆icysk8erfyb17</script>
</div>
<div class="battle-log battle-log-inline"><div class="inner"><div class="battle-options"><div style="padding-top: 3px; padding-right: 3px; text-align: right"><button class="icon button" name="openBattleOptions" title="Options">Battle Options</button></div></div><div class="inner message-log"><div class="chat"><small>☆PokeLLM and ☆icysk8erfyb17 joined</small></div><div class=""><small>Format:</small> <br><strong>[Gen 8] Random Battle</strong></div><div class="rated"><strong>Rated battle</strong></div><div class=""><small><em>Species Clause:</em> Limit one of each Pokémon</small></div><div class=""><small><em>HP Percentage Mod:</em> HP is shown in percentages</small></div><div class=""><small><em>Sleep Clause Mod:</em> Limit one foe put to sleep</small></div><div class=""><small><em>Illusion Level Mod:</em> Illusion disguises the Pokémon's true level</small></div><div class="spacer battle-history"><br></div><div class="battle-history">Battle started between PokeLLM and icysk8erfyb17!<br></div><div class="spacer battle-history"><br></div><div class="battle-history">Go! <strong>Rayquaza</strong>!<br></div><div class="spacer battle-history"><br></div><div class="battle-history">icysk8erfyb17 sent out <strong>Charizard</strong>!<br></div><div class="battle-history">[Rayquaza's Air Lock]<br><small>The effects of the weather disappeared.</small><br></div><div class="spacer battle-history"><br></div><h2 class="battle-history">Turn 1</h2><div class="spacer battle-history"><br></div><div class="battle-history">icysk8erfyb17 withdrew Charizard!<br></div><div class="battle-history">icysk8erfyb17 sent out <strong>Avalugg</strong>!<br></div><div class="spacer battle-history"><br></div><div class="battle-history">Rayquaza, come back!<br></div><div class="battle-history">Go! <strong>Lucario</strong>!<br></div><div class="spacer battle-history"><br></div><h2 class="battle-history">Turn 2</h2><div class="spacer battle-history"><br></div><div class="battle-history"><small>(Lucario's Dynamax!)</small><br></div><div class="spacer battle-history"><br></div><div class="battle-history">Lucario used <strong>Max Knuckle</strong>!<br></div><div class="battle-history"><small>It's super effective!</small><br></div><div class="battle-history"><small>(The opposing Avalugg lost 33% of its health!)</small><br></div><div class="battle-history"><small>Lucario's Attack rose!</small><br></div><div class="spacer battle-history"><br></div><div class="battle-history">The opposing Avalugg used <strong>Body Press</strong>!<br></div><div class="battle-history"><small>It's super effective!</small><br></div><div class="battle-history"><small>(Lucario lost <abbr title="−230/492">46.7%</abbr> of its health!)</small><br></div><div class="spacer battle-history"><br></div><div class="battle-history"><small>The opposing Avalugg restored a little HP using its Leftovers!</small><br></div><div class="spacer battle-history"><br></div><h2 class="battle-history">Turn 3</h2><div class="spacer battle-history"><br></div><div class="battle-history">Lucario used <strong>Max Knuckle</strong>!<br></div><div class="battle-history"><small>It's super effective!</small><br></div><div class="battle-history"><small>(The opposing Avalugg lost 58% of its health!)</small><br></div><div class="battle-history"><small>Lucario's Attack rose!</small><br></div><div class="spacer battle-history"><br></div><div class="battle-history">The opposing Avalugg used <strong>Body Press</strong>!<br></div><div class="battle-history"><small>It's super effective!</small><br></div><div class="battle-history"><small>(Lucario lost <abbr title="−244/492">49.6%</abbr> of its health!)</small><br></div><div class="spacer battle-history"><br></div><div class="battle-history"><small>The opposing Avalugg restored a little HP using its Leftovers!</small><br></div><div class="spacer battle-history"><br></div><h2 class="battle-history">Turn 4</h2><div class="spacer battle-history"><br></div><div class="battle-history">Lucario used <strong>Max Rockfall</strong>!<br></div><div class="battle-history"><small>It's super effective!</small><br></div><div class="battle-history"><small>(The opposing Avalugg lost 21% of its health!)</small><br></div><div class="battle-history"><small>A sandstorm kicked up!</small><br></div><div class="spacer battle-history"><br></div><div class="battle-history">The opposing Avalugg fainted!<br></div><div class="spacer battle-history"><br></div><div class="battle-history"><small>(The sandstorm is raging.)</small><br></div><div class="spacer battle-history"><br></div><div class="battle-history">icysk8erfyb17 sent out <strong>Charizard</strong>!<br></div><div class="battle-history"><small>(Lucario returned to normal!)</small><br></div><div class="spacer battle-history"><br></div><h2 class="battle-history">Turn 5</h2><div class="spacer battle-history"><br></div><div class="battle-history">The opposing Charizard used <strong>Air Slash</strong>!<br></div><div class="battle-history"><small>(Lucario lost <abbr title="−9/246">3.7%</abbr> of its health!)</small><br></div><div class="spacer battle-history"><br></div><div class="battle-history">Lucario fainted!<br></div><div class="spacer battle-history"><br></div><div class="battle-history"><small>(The sandstorm is raging.)</small><br></div><div class="battle-history"><small>The opposing Charizard is buffeted by the sandstorm!</small><br></div><div class="spacer battle-history"><br></div><div class="battle-history">Go! <strong>Pheromosa</strong>!<br></div><div class="spacer battle-history"><br></div><h2 class="battle-history">Turn 6</h2><div class="spacer battle-history"><br></div><div class="battle-history">Pheromosa used <strong>Ice Beam</strong>!<br></div><div class="battle-history"><small>(The opposing Charizard lost 35% of its health!)</small><br></div><div class="battle-history"><small>The opposing Charizard was frozen solid!</small><br></div><div class="battle-history"><small>Pheromosa lost some of its HP!</small><br></div><div class="spacer battle-history"><br></div><div class="battle-history">The opposing Charizard is frozen solid!<br></div><div class="spacer battle-history"><br></div><div class="battle-history"><small>(The sandstorm is raging.)</small><br></div><div class="battle-history"><small>Pheromosa is buffeted by the sandstorm!</small><br></div><div class="battle-history"><small>The opposing Charizard is buffeted by the sandstorm!</small><br></div><div class="spacer battle-history"><br></div><h2 class="battle-history">Turn 7</h2><div class="spacer battle-history"><br></div><div class="battle-history">Pheromosa used <strong>Ice Beam</strong>!<br></div><div class="battle-history"><small>(The opposing Charizard lost 33% of its health!)</small><br></div><div class="battle-history"><small>Pheromosa lost some of its HP!</small><br></div><div class="spacer battle-history"><br></div><div class="battle-history">The opposing Charizard is frozen solid!<br></div><div class="spacer battle-history"><br></div><div class="battle-history"><small>(The sandstorm is raging.)</small><br></div><div class="battle-history"><small>Pheromosa is buffeted by the sandstorm!</small><br></div><div class="battle-history"><small>The opposing Charizard is buffeted by the sandstorm!</small><br></div><div class="spacer battle-history"><br></div><h2 class="battle-history">Turn 8</h2><div class="spacer battle-history"><br></div><div class="battle-history">Pheromosa used <strong>Ice Beam</strong>!<br></div><div class="battle-history"><small>(The opposing Charizard lost 14% of its health!)</small><br></div><div class="spacer battle-history"><br></div><div class="battle-history">The opposing Charizard fainted!<br></div><div class="battle-history">[Pheromosa's Beast Boost]<br></div><div class="battle-history"><small>Pheromosa's Speed rose!</small><br></div><div class="battle-history"><small>Pheromosa lost some of its HP!</small><br></div><div class="spacer battle-history"><br></div><div class="battle-history"><small>The sandstorm subsided.</small><br></div><div class="spacer battle-history"><br></div><div class="battle-history">icysk8erfyb17 sent out Keldeo (<strong>Keldeo-Resolute</strong>)!<br></div><div class="spacer battle-history"><br></div><h2 class="battle-history">Turn 9</h2><div class="spacer battle-history"><br></div><div class="battle-history">Pheromosa used <strong>Close Combat</strong>!<br></div><div class="battle-history"><small>(The opposing Keldeo lost 64% of its health!)</small><br></div><div class="battle-history"><small>Pheromosa's Defense fell!</small><br></div><div class="battle-history"><small>Pheromosa's Sp. Def fell!</small><br></div><div class="battle-history"><small>Pheromosa lost some of its HP!</small><br></div><div class="spacer battle-history"><br></div><div class="battle-history">The opposing Keldeo used <strong>Air Slash</strong>!<br></div><div class="battle-history"><small>It's super effective!</small><br></div><div class="battle-history"><small>(Pheromosa lost <abbr title="−111/227">48.9%</abbr> of its health!)</small><br></div><div class="spacer battle-history"><br></div><div class="battle-history">Pheromosa fainted!<br></div><div class="battle-history"><small>The opposing Keldeo lost some of its HP!</small><br></div><div class="spacer battle-history"><br></div><div class="battle-history">Go! <strong>Leafeon</strong>!<br></div><div class="spacer battle-history"><br></div><h2 class="battle-history">Turn 10</h2><div class="spacer battle-history"><br></div><div class="battle-history">Leafeon used <strong>Leaf Blade</strong>!<br></div><div class="battle-history"><small>It's super effective!</small><br></div><div class="battle-history"><small>(The opposing Keldeo lost 26% of its health!)</small><br></div><div class="spacer battle-history"><br></div><div class="battle-history">The opposing Keldeo fainted!<br></div><div class="spacer battle-history"><br></div><div class="battle-history">icysk8erfyb17 sent out <strong>Diggersby</strong>!<br></div><div class="spacer battle-history"><br></div><h2 class="battle-history">Turn 11</h2><div class="spacer battle-history"><br></div><div class="battle-history">Leafeon used <strong>Leaf Blade</strong>!<br></div><div class="battle-history"><small>It's super effective!</small><br></div><div class="battle-history"><small>(The opposing Diggersby lost 92% of its health!)</small><br></div><div class="spacer battle-history"><br></div><div class="battle-history">The opposing Diggersby used <strong>Body Slam</strong>!<br></div><div class="battle-history"><small>(Leafeon lost <abbr title="−110/252">43.7%</abbr> of its health!)</small><br></div><div class="battle-history"><small>The opposing Diggersby lost some of its HP!</small><br></div><div class="spacer battle-history"><br></div><div class="battle-history">The opposing Diggersby fainted!<br></div><div class="spacer battle-history"><br></div><div class="battle-history">icysk8erfyb17 sent out <strong>Clawitzer</strong>!<br></div><div class="spacer battle-history"><br></div><h2 class="battle-history">Turn 12</h2><div class="spacer battle-history"><br></div><div class="battle-history">Leafeon used <strong>Leaf Blade</strong>!<br></div><div class="battle-history"><small>It's super effective!</small><br></div><div class="battle-history"><small>(The opposing Clawitzer lost 79% of its health!)</small><br></div><div class="spacer battle-history"><br></div><div class="battle-history">The opposing Clawitzer used <strong>Ice Beam</strong>!<br></div><div class="battle-history"><small>It's super effective!</small><br></div><div class="battle-history"><small>A critical hit!</small><br></div><div class="battle-history"><small>(Leafeon lost <abbr title="−142/252">56.3%</abbr> of its health!)</small><br></div><div class="spacer battle-history"><br></div><div class="battle-history">Leafeon fainted!<br></div><div class="spacer battle-history"><br></div><div class="battle-history">Go! <strong>Porygon2</strong>!<br></div><div class="battle-history">[Porygon2's Trace]<br>[Porygon2's Mega Launcher]<br><small>Porygon2 traced the opposing Clawitzer's Mega Launcher!</small><br></div><div class="spacer battle-history"><br></div><h2 class="battle-history">Turn 13</h2><div class="spacer battle-history"><br></div><div class="battle-history">The opposing Clawitzer used <strong>Ice Beam</strong>!<br></div><div class="battle-history"><small>(Porygon2 lost <abbr title="−69/274">25.2%</abbr> of its health!)</small><br></div><div class="spacer battle-history"><br></div><div class="battle-history">Porygon2 used <strong>Discharge</strong>!<br></div><div class="battle-history"><small>It's super effective!</small><br></div><div class="battle-history"><small>(The opposing Clawitzer lost 21% of its health!)</small><br></div><div class="spacer battle-history"><br></div><div class="battle-history">The opposing Clawitzer fainted!<br></div><div class="spacer battle-history"><br></div><div class="battle-history">icysk8erfyb17 sent out <strong>Turtonator</strong>!<br></div><div class="spacer battle-history"><br></div><h2 class="battle-history">Turn 14</h2><div class="spacer battle-history"><br></div><div class="battle-history">Porygon2, come back!<br></div><div class="battle-history">Go! <strong>Garchomp</strong>!<br></div><div class="spacer battle-history"><br></div><div class="battle-history">The opposing Turtonator used <strong>Shell Smash</strong>!<br></div><div class="battle-history"><small>The opposing Turtonator's Defense fell!</small><br></div><div class="battle-history"><small>The opposing Turtonator's Sp. Def fell!</small><br></div><div class="battle-history"><small>The opposing Turtonator's Attack rose sharply!</small><br></div><div class="battle-history"><small>The opposing Turtonator's Sp. Atk rose sharply!</small><br></div><div class="battle-history"><small>The opposing Turtonator's Speed rose sharply!</small><br></div><div class="battle-history"><small>The opposing Turtonator returned its stats to normal using its White Herb!</small><br></div><div class="spacer battle-history"><br></div><h2 class="battle-history">Turn 15</h2><div class="chat chatmessage-icysk8erfyb17"><strong style="color:#0da662"><small>☆</small><span class="username" data-name="icysk8erfyb17">icysk8erfyb17</span>:</strong> <em>gg i won</em></div><div class="chat message-error">Battle timer is ON: inactive players will automatically lose when time's up. (requested by PokeLLM)</div><div class="spacer battle-history"><br></div><div class="battle-history"><small>(The opposing Turtonator's Dynamax!)</small><br></div><div class="spacer battle-history"><br></div><div class="battle-history">The opposing Turtonator used <strong>Max Wyrmwind</strong>!<br></div><div class="battle-history"><small>It's super effective!</small><br></div><div class="battle-history"><small>(Garchomp lost <abbr title="−282/282">100%</abbr> of its health!)</small><br></div><div class="spacer battle-history"><br></div><div class="battle-history">Garchomp fainted!<br></div><div class="spacer battle-history"><br></div><div class="battle-history">Go! <strong>Rayquaza</strong>!<br></div><div class="battle-history">[Rayquaza's Air Lock]<br><small>The effects of the weather disappeared.</small><br></div><div class="spacer battle-history"><br></div><h2 class="battle-history">Turn 16</h2><div class="spacer battle-history"><br></div><div class="battle-history">The opposing Turtonator used <strong>Max Wyrmwind</strong>!<br></div><div class="battle-history"><small>It's super effective!</small><br></div><div class="battle-history"><small>(Rayquaza lost <abbr title="−277/277">100%</abbr> of its health!)</small><br></div><div class="spacer battle-history"><br></div><div class="battle-history">Rayquaza fainted!<br></div><div class="spacer battle-history"><br></div><div class="battle-history">Go! <strong>Porygon2</strong>!<br></div><div class="battle-history">[Porygon2's Trace]<br>[Porygon2's Shell Armor]<br><small>Porygon2 traced the opposing Turtonator's Shell Armor!</small><br></div><div class="spacer battle-history"><br></div><h2 class="battle-history">Turn 17</h2><div class="spacer battle-history"><br></div><div class="battle-history">The opposing Turtonator used <strong>Max Quake</strong>!<br></div><div class="battle-history"><small>(Porygon2 lost <abbr title="−97/274">35.4%</abbr> of its health!)</small><br></div><div class="battle-history"><small>The opposing Turtonator's Sp. Def rose!</small><br></div><div class="spacer battle-history"><br></div><div class="battle-history">Porygon2 used <strong>Toxic</strong>!<br></div><div class="battle-history"><small>The opposing Turtonator avoided the attack!</small><br></div><div class="spacer battle-history"><br></div><div class="battle-history"><small>(The opposing Turtonator returned to normal!)</small><br></div><div class="spacer battle-history"><br></div><h2 class="battle-history">Turn 18</h2><div class="spacer battle-history"><br></div><div class="battle-history">The opposing Turtonator used <strong>Earthquake</strong>!<br></div><div class="battle-history"><small>(Porygon2 lost <abbr title="−77/274">28.1%</abbr> of its health!)</small><br></div><div class="spacer battle-history"><br></div><div class="battle-history">Porygon2 used <strong>Recover</strong>!<br></div><div class="battle-history"><small>Porygon2 had its HP restored.</small><br></div><div class="spacer battle-history"><br></div><h2 class="battle-history">Turn 19</h2><div class="spacer battle-history"><br></div><div class="battle-history">The opposing Turtonator used <strong>Earthquake</strong>!<br></div><div class="battle-history"><small>(Porygon2 lost <abbr title="−77/274">28.1%</abbr> of its health!)</small><br></div><div class="spacer battle-history"><br></div><div class="battle-history">Porygon2 used <strong>Recover</strong>!<br></div><div class="battle-history"><small>Porygon2 had its HP restored.</small><br></div><div class="spacer battle-history"><br></div><h2 class="battle-history">Turn 20</h2><div class="spacer battle-history"><br></div><div class="battle-history">The opposing Turtonator used <strong>Fire Blast</strong>!<br></div><div class="battle-history"><small>Porygon2 avoided the attack!</small><br></div><div class="spacer battle-history"><br></div><div class="battle-history">Porygon2 used <strong>Toxic</strong>!<br></div><div class="battle-history"><small>The opposing Turtonator was badly poisoned!</small><br></div><div class="spacer battle-history"><br></div><div class="battle-history"><small>The opposing Turtonator was hurt by poison!</small><br></div><div class="spacer battle-history"><br></div><h2 class="battle-history">Turn 21</h2><div class="spacer battle-history"><br></div><div class="battle-history">The opposing Turtonator used <strong>Fire Blast</strong>!<br></div><div class="battle-history"><small>(Porygon2 lost <abbr title="−130/274">47.4%</abbr> of its health!)</small><br></div><div class="spacer battle-history"><br></div><div class="battle-history">Porygon2 used <strong>Recover</strong>!<br></div><div class="battle-history"><small>Porygon2 had its HP restored.</small><br></div><div class="spacer battle-history"><br></div><div class="battle-history"><small>The opposing Turtonator was hurt by poison!</small><br></div><div class="spacer battle-history"><br></div><h2 class="battle-history">Turn 22</h2><div class="spacer battle-history"><br></div><div class="battle-history">The opposing Turtonator used <strong>Fire Blast</strong>!<br></div><div class="battle-history"><small>(Porygon2 lost <abbr title="−150/274">54.7%</abbr> of its health!)</small><br></div><div class="spacer battle-history"><br></div><div class="battle-history">Porygon2 used <strong>Recover</strong>!<br></div><div class="battle-history"><small>Porygon2 had its HP restored.</small><br></div><div class="spacer battle-history"><br></div><div class="battle-history"><small>The opposing Turtonator was hurt by poison!</small><br></div><div class="spacer battle-history"><br></div><h2 class="battle-history">Turn 23</h2><div class="spacer battle-history"><br></div><div class="battle-history">The opposing Turtonator used <strong>Fire Blast</strong>!<br></div><div class="battle-history"><small>Porygon2 avoided the attack!</small><br></div><div class="spacer battle-history"><br></div><div class="battle-history">Porygon2 used <strong>Recover</strong>!<br></div><div class="battle-history"><small>Porygon2 had its HP restored.</small><br></div><div class="spacer battle-history"><br></div><div class="battle-history"><small>The opposing Turtonator was hurt by poison!</small><br></div><div class="spacer battle-history"><br></div><h2 class="battle-history">Turn 24</h2><div class="chat chatmessage-pokellm mine"><strong style="color:#ce2c62"><small>☆</small><span class="username" data-name="PokeLLM">PokeLLM</span>:</strong> <em>really?</em></div><div class="spacer battle-history"><br></div><div class="battle-history"><small>icysk8erfyb17 forfeited.</small><br></div><div class="spacer battle-history"><br></div><div class="battle-history"><strong>PokeLLM</strong> won the battle!<br></div><div class="chat">PokeLLM's rating: 1103 → <strong>1126</strong><br>(+23 for winning)</div><div class="chat">icysk8erfyb17's rating: 1078 → <strong>1058</strong><br>(-20 for losing)</div><div class="chat"><small>☆icysk8erfyb17 left</small></div></div><div class="inner-preempt message-log"></div></div></div>
</div>
<script>
let daily = Math.floor(Date.now()/1000/60/60/24);document.write('<script src="https://play.pokemonshowdown.com/js/replay-embed.js?version'+daily+'"></'+'script>');
</script>
