<!DOCTYPE html>
<meta charset="utf-8" />
<!-- version 1 -->
<title>[Gen 8] Random Battle replay: PokeLLM vs. Jet_Engine</title>
<style>
html,body {font-family:Verdana, sans-serif;font-size:10pt;margin:0;padding:0;}body{padding:12px 0;} .battle-log {font-family:Verdana, sans-serif;font-size:10pt;} .battle-log-inline {border:1px solid #AAAAAA;background:#EEF2F5;color:black;max-width:640px;margin:0 auto 80px;padding-bottom:5px;} .battle-log .inner {padding:4px 8px 0px 8px;} .battle-log .inner-preempt {padding:0 8px 4px 8px;} .battle-log .inner-after {margin-top:0.5em;} .battle-log h2 {margin:0.5em -8px;padding:4px 8px;border:1px solid #AAAAAA;background:#E0E7EA;border-left:0;border-right:0;font-family:Verdana, sans-serif;font-size:13pt;} .battle-log .chat {vertical-align:middle;padding:3px 0 3px 0;font-size:8pt;} .battle-log .chat strong {color:#40576A;} .battle-log .chat em {padding:1px 4px 1px 3px;color:#000000;font-style:normal;} .chat.mine {background:rgba(0,0,0,0.05);margin-left:-8px;margin-right:-8px;padding-left:8px;padding-right:8px;} .spoiler {color:#BBBBBB;background:#BBBBBB;padding:0px 3px;} .spoiler:hover, .spoiler:active, .spoiler-shown {color:#000000;background:#E2E2E2;padding:0px 3px;} .spoiler a {color:#BBBBBB;} .spoiler:hover a, .spoiler:active a, .spoiler-shown a {color:#2288CC;} .chat code, .chat .spoiler:hover code, .chat .spoiler:active code, .chat .spoiler-shown code {border:1px solid #C0C0C0;background:#EEEEEE;color:black;padding:0 2px;} .chat .spoiler code {border:1px solid #CCCCCC;background:#CCCCCC;color:#CCCCCC;} .battle-log .rated {padding:3px 4px;} .battle-log .rated strong {color:white;background:#89A;padding:1px 4px;border-radius:4px;} .spacer {margin-top:0.5em;} .message-announce {background:#6688AA;color:white;padding:1px 4px 2px;} .message-announce a, .broadcast-green a, .broadcast-blue a, .broadcast-red a {color:#DDEEFF;} .broadcast-green {background-color:#559955;color:white;padding:2px 4px;} .broadcast-blue {background-color:#6688AA;color:white;padding:2px 4px;} .infobox {border:1px solid #6688AA;padding:2px 4px;} .infobox-limited {max-height:200px;overflow:auto;overflow-x:hidden;} .broadcast-red {background-color:#AA5544;color:white;padding:2px 4px;} .message-learn-canlearn {font-weight:bold;color:#228822;text-decoration:underline;} .message-learn-cannotlearn {font-weight:bold;color:#CC2222;text-decoration:underline;} .message-effect-weak {font-weight:bold;color:#CC2222;} .message-effect-resist {font-weight:bold;color:#6688AA;} .message-effect-immune {font-weight:bold;color:#666666;} .message-learn-list {margin-top:0;margin-bottom:0;} .message-throttle-notice, .message-error {color:#992222;} .message-overflow, .chat small.message-overflow {font-size:0pt;} .message-overflow::before {font-size:9pt;content:'...';} .subtle {color:#3A4A66;}
</style>
<div class="wrapper replay-wrapper" style="max-width:1180px;margin:0 auto">
<input type="hidden" name="replayid" value="gen8randombattle-2044795452" />
<div class="battle"></div><div class="battle-log"></div><div class="replay-controls"></div><div class="replay-controls-2"></div>
<h1 style="font-weight:normal;text-align:center"><strong>[Gen 8] Random Battle</strong><br /><a href="http://pokemonshowdown.com/users/pokellm" class="subtle" target="_blank">PokeLLM</a> vs. <a href="http://pokemonshowdown.com/users/jetengine" class="subtle" target="_blank">Jet_Engine</a></h1>
<script type="text/plain" class="battle-log-data">|j|☆PokeLLM

|j|☆Jet_Engine
|t:|1706296378
|gametype|singles
|player|p1|PokeLLM|supernerd|1126
|player|p2|Jet_Engine|265|1164
|teamsize|p1|6
|teamsize|p2|6
|gen|8
|tier|[Gen 8] Random Battle
|rated|
|rule|Species Clause: Limit one of each Pokémon
|rule|HP Percentage Mod: HP is shown in percentages
|rule|Sleep Clause Mod: Limit one foe put to sleep
|rule|Illusion Level Mod: Illusion disguises the Pokémon's true level
|
|t:|1706296378
|start
|switch|p1a: Type: Null|Type: Null, L86|304\/304
|switch|p2a: Miltank|Miltank, L83, F|100\/100
|turn|1
|
|t:|1706296390
|move|p2a: Miltank|Toxic|p1a: Type: Null
|-status|p1a: Type: Null|tox
|move|p1a: Type: Null|Swords Dance|p1a: Type: Null
|-boost|p1a: Type: Null|atk|2
|
|-damage|p1a: Type: Null|285\/304 tox|[from] psn
|upkeep
|turn|2
|
|t:|1706296404
|move|p2a: Miltank|Earthquake|p1a: Type: Null
|-damage|p1a: Type: Null|247\/304 tox
|move|p1a: Type: Null|Crush Claw|p2a: Miltank|[miss]
|-miss|p1a: Type: Null|p2a: Miltank
|
|-damage|p1a: Type: Null|209\/304 tox|[from] psn
|upkeep
|turn|3
|
|t:|1706296419
|switch|p1a: Gengar|Gengar, L80, F|227\/227
|move|p2a: Miltank|Body Slam|p1a: Gengar
|-immune|p1a: Gengar
|
|upkeep
|turn|4
|
|t:|1706296432
|-start|p1a: Gengar|Dynamax|Gmax
|-heal|p1a: Gengar|454\/454|[silent]
|move|p1a: Gengar|Max Knuckle|p2a: Miltank
|-supereffective|p2a: Miltank
|-damage|p2a: Miltank|18\/100
|-boost|p1a: Gengar|atk|1
|-damage|p1a: Gengar|432\/454|[from] item: Life Orb
|move|p2a: Miltank|Earthquake|p1a: Gengar
|-supereffective|p1a: Gengar
|-damage|p1a: Gengar|278\/454
|-start|p2a: Miltank|Disable|Earthquake|[from] ability: Cursed Body|[of] p1a: Gengar
|
|-heal|p2a: Miltank|24\/100|[from] item: Leftovers
|upkeep
|turn|5
|
|t:|1706296449
|move|p1a: Gengar|Max Knuckle|p2a: Miltank
|-supereffective|p2a: Miltank
|-damage|p2a: Miltank|0 fnt
|-boost|p1a: Gengar|atk|1
|faint|p2a: Miltank
|-damage|p1a: Gengar|256\/454|[from] item: Life Orb
|
|upkeep
|
|t:|1706296469
|switch|p2a: Crawdaunt|Crawdaunt, L84, M|100\/100
|turn|6
|
|t:|1706296475
|move|p1a: Gengar|Max Knuckle|p2a: Crawdaunt
|-supereffective|p2a: Crawdaunt
|-damage|p2a: Crawdaunt|0 fnt
|-boost|p1a: Gengar|atk|1
|faint|p2a: Crawdaunt
|-damage|p1a: Gengar|234\/454|[from] item: Life Orb
|
|upkeep
|
|t:|1706296489
|switch|p2a: Magmortar|Magmortar, L87, M|100\/100
|-end|p1a: Gengar|Dynamax
|-heal|p1a: Gengar|117\/227|[silent]
|turn|7
|
|t:|1706296496
|move|p1a: Gengar|Shadow Ball|p2a: Magmortar
|-damage|p2a: Magmortar|56\/100
|-unboost|p2a: Magmortar|spd|1
|-damage|p1a: Gengar|95\/227|[from] item: Life Orb
|move|p2a: Magmortar|Earthquake|p1a: Gengar
|-supereffective|p1a: Gengar
|-damage|p1a: Gengar|0 fnt
|-start|p2a: Magmortar|Disable|Earthquake|[from] ability: Cursed Body|[of] p1a: Gengar
|faint|p1a: Gengar
|
|upkeep
|
|t:|1706296499
|switch|p1a: Corsola|Corsola-Galar, L84, F|238\/238
|turn|8
|
|t:|1706296515
|move|p1a: Corsola|Sludge Bomb|p2a: Magmortar
|-crit|p2a: Magmortar
|-damage|p2a: Magmortar|0 fnt
|faint|p2a: Magmortar
|
|upkeep
|
|t:|1706296527
|switch|p2a: Duraludon|Duraludon, L84, M|100\/100
|turn|9
|
|t:|1706296550
|switch|p1a: Mesprit|Mesprit, L84|272\/272
|-start|p2a: Duraludon|Dynamax|
|-heal|p2a: Duraludon|100\/100|[silent]
|move|p2a: Duraludon|Max Wyrmwind|p1a: Mesprit
|-damage|p1a: Mesprit|115\/272
|-unboost|p1a: Mesprit|atk|1
|
|-heal|p1a: Mesprit|132\/272|[from] item: Leftovers
|upkeep
|turn|10
|
|t:|1706296564
|switch|p1a: Corsola|Corsola-Galar, L84, F|238\/238
|move|p2a: Duraludon|Max Wyrmwind|p1a: Corsola
|-crit|p1a: Corsola
|-damage|p1a: Corsola|0 fnt
|replace|p1a: Zoroark|Zoroark, L84, F
|-end|p1a: Zoroark|Illusion
|-hint|Illusion Level Mod is active, so this Pokémon's true level was hidden.
|faint|p1a: Zoroark
|
|upkeep
|
|t:|1706296568
|switch|p1a: Luxray|Luxray, L84, M|272\/272
|turn|11
|
|t:|1706296577
|switch|p1a: Corsola|Corsola-Galar, L84, F|238\/238
|move|p2a: Duraludon|Max Wyrmwind|p1a: Corsola
|-damage|p1a: Corsola|127\/238
|-unboost|p1a: Corsola|atk|1
|
|upkeep
|-end|p2a: Duraludon|Dynamax
|-heal|p2a: Duraludon|100\/100|[silent]
|turn|12
|
|t:|1706296599
|move|p2a: Duraludon|Flash Cannon|p1a: Corsola
|-damage|p1a: Corsola|70\/238
|-start|p2a: Duraludon|Disable|Flash Cannon|[from] ability: Cursed Body|[of] p1a: Corsola
|move|p1a: Corsola|Strength Sap|p2a: Duraludon
|-unboost|p2a: Duraludon|atk|1
|-heal|p1a: Corsola|234\/238
|
|upkeep
|turn|13
|
|t:|1706296627
|switch|p2a: Dusknoir|Dusknoir, L87, M|100\/100
|-item|p1a: Corsola|Eviolite|[from] ability: Frisk|[of] p2a: Dusknoir|[identify]
|move|p1a: Corsola|Will-O-Wisp|p2a: Dusknoir
|-status|p2a: Dusknoir|brn
|
|-damage|p2a: Dusknoir|95\/100 brn|[from] brn
|upkeep
|turn|14
|
|t:|1706296647
|switch|p1a: Luxray|Luxray, L84, M|272\/272
|move|p2a: Dusknoir|Will-O-Wisp|p1a: Luxray
|-status|p1a: Luxray|brn
|
|-heal|p2a: Dusknoir|100\/100 brn|[from] item: Leftovers
|-damage|p1a: Luxray|255\/272 brn|[from] brn
|-damage|p2a: Dusknoir|95\/100 brn|[from] brn
|upkeep
|turn|15
|
|t:|1706296666
|switch|p2a: Duraludon|Duraludon, L84, M|100\/100
|move|p1a: Luxray|Crunch|p2a: Duraludon
|-damage|p2a: Duraludon|66\/100
|
|-damage|p1a: Luxray|238\/272 brn|[from] brn
|upkeep
|turn|16
|
|t:|1706296679
|move|p2a: Duraludon|Draco Meteor|p1a: Luxray
|-damage|p1a: Luxray|75\/272 brn
|-unboost|p2a: Duraludon|spa|2
|move|p1a: Luxray|Crunch|p2a: Duraludon
|-damage|p2a: Duraludon|35\/100
|
|-damage|p1a: Luxray|58\/272 brn|[from] brn
|upkeep
|turn|17
|
|t:|1706296691
|move|p2a: Duraludon|Body Press|p1a: Luxray
|-damage|p1a: Luxray|0 fnt
|faint|p1a: Luxray
|
|upkeep
|
|t:|1706296695
|switch|p1a: Mesprit|Mesprit, L84|132\/272
|turn|18
|
|t:|1706296702
|switch|p2a: Vikavolt|Vikavolt, L82, M|100\/100
|move|p1a: Mesprit|Ice Beam|p2a: Vikavolt
|-damage|p2a: Vikavolt|73\/100
|
|-heal|p1a: Mesprit|149\/272|[from] item: Leftovers
|upkeep
|turn|19
|
|t:|1706296714
|move|p1a: Mesprit|Psychic|p2a: Vikavolt
|-damage|p2a: Vikavolt|25\/100
|move|p2a: Vikavolt|Sticky Web|p1a: Mesprit
|-sidestart|p1: PokeLLM|move: Sticky Web
|
|-heal|p1a: Mesprit|166\/272|[from] item: Leftovers
|upkeep
|turn|20
|
|t:|1706296723
|switch|p2a: Dusknoir|Dusknoir, L87, M|95\/100 brn
|-item|p1a: Mesprit|Leftovers|[from] ability: Frisk|[of] p2a: Dusknoir|[identify]
|move|p1a: Mesprit|Psychic|p2a: Dusknoir
|-damage|p2a: Dusknoir|63\/100 brn
|
|-heal|p1a: Mesprit|183\/272|[from] item: Leftovers
|-heal|p2a: Dusknoir|69\/100 brn|[from] item: Leftovers
|-damage|p2a: Dusknoir|63\/100 brn|[from] brn
|upkeep
|turn|21
|
|t:|1706296737
|move|p1a: Mesprit|Psychic|p2a: Dusknoir
|-damage|p2a: Dusknoir|30\/100 brn
|move|p2a: Dusknoir|Will-O-Wisp|p1a: Mesprit
|-status|p1a: Mesprit|brn
|
|-heal|p1a: Mesprit|200\/272 brn|[from] item: Leftovers
|-heal|p2a: Dusknoir|35\/100 brn|[from] item: Leftovers
|-damage|p1a: Mesprit|183\/272 brn|[from] brn
|-damage|p2a: Dusknoir|30\/100 brn|[from] brn
|upkeep
|turn|22
|inactive|Battle timer is ON: inactive players will automatically lose when time's up. (requested by PokeLLM)
|inactive|Time left: 150 sec this turn | 150 sec total | 60 sec grace
|
|t:|1706296755
|move|p2a: Dusknoir|Shadow Sneak|p1a: Mesprit
|-supereffective|p1a: Mesprit
|-damage|p1a: Mesprit|144\/272 brn
|move|p1a: Mesprit|Psychic|p2a: Dusknoir
|-damage|p2a: Dusknoir|0 fnt
|faint|p2a: Dusknoir
|
|-heal|p1a: Mesprit|161\/272 brn|[from] item: Leftovers
|-damage|p1a: Mesprit|144\/272 brn|[from] brn
|upkeep
|inactive|Time left: 150 sec this turn | 150 sec total
|
|t:|1706296773
|switch|p2a: Duraludon|Duraludon, L84, M|35\/100
|turn|23
|inactive|Time left: 150 sec this turn | 150 sec total
|
|t:|1706296780
|move|p2a: Duraludon|Draco Meteor|p1a: Mesprit
|-damage|p1a: Mesprit|0 fnt
|-unboost|p2a: Duraludon|spa|2
|faint|p1a: Mesprit
|
|upkeep
|inactive|Time left: 150 sec this turn | 150 sec total
|
|t:|1706296783
|switch|p1a: Corsola|Corsola-Galar, L84, F|234\/238
|-activate|p1a: Corsola|move: Sticky Web
|-unboost|p1a: Corsola|spe|1
|turn|24
|inactive|Time left: 150 sec this turn | 150 sec total
|
|t:|1706296803
|switch|p2a: Vikavolt|Vikavolt, L82, M|25\/100
|move|p1a: Corsola|Strength Sap|p2a: Vikavolt
|-unboost|p2a: Vikavolt|atk|1
|-heal|p1a: Corsola|238\/238
|
|upkeep
|turn|25
|inactive|Time left: 150 sec this turn | 150 sec total
|
|t:|1706296811
|move|p2a: Vikavolt|Roost|p2a: Vikavolt
|-heal|p2a: Vikavolt|75\/100
|-singleturn|p2a: Vikavolt|move: Roost
|move|p1a: Corsola|Night Shade|p2a: Vikavolt
|-damage|p2a: Vikavolt|43\/100
|
|upkeep
|turn|26
|inactive|Time left: 150 sec this turn | 150 sec total
|
|t:|1706296819
|move|p2a: Vikavolt|Roost|p2a: Vikavolt
|-heal|p2a: Vikavolt|93\/100
|-singleturn|p2a: Vikavolt|move: Roost
|move|p1a: Corsola|Night Shade|p2a: Vikavolt
|-damage|p2a: Vikavolt|61\/100
|
|upkeep
|turn|27
|inactive|Time left: 150 sec this turn | 150 sec total
|
|t:|1706296827
|move|p2a: Vikavolt|Thunderbolt|p1a: Corsola
|-damage|p1a: Corsola|163\/238
|move|p1a: Corsola|Will-O-Wisp|p2a: Vikavolt
|-status|p2a: Vikavolt|brn
|
|-damage|p2a: Vikavolt|55\/100 brn|[from] brn
|upkeep
|turn|28
|inactive|Time left: 150 sec this turn | 150 sec total
|
|t:|1706296836
|switch|p1a: Type: Null|Type: Null, L86|209\/304 tox
|-activate|p1a: Type: Null|move: Sticky Web
|-unboost|p1a: Type: Null|spe|1
|move|p2a: Vikavolt|Thunderbolt|p1a: Type: Null
|-damage|p1a: Type: Null|130\/304 tox
|
|-damage|p1a: Type: Null|111\/304 tox|[from] psn
|-damage|p2a: Vikavolt|49\/100 brn|[from] brn
|upkeep
|turn|29
|inactive|Time left: 150 sec this turn | 150 sec total
|
|t:|1706296849
|move|p2a: Vikavolt|Roost|p2a: Vikavolt
|-heal|p2a: Vikavolt|99\/100 brn
|-singleturn|p2a: Vikavolt|move: Roost
|move|p1a: Type: Null|Crush Claw|p2a: Vikavolt
|-damage|p2a: Vikavolt|67\/100 brn
|-unboost|p2a: Vikavolt|def|1
|
|-damage|p1a: Type: Null|73\/304 tox|[from] psn
|-damage|p2a: Vikavolt|61\/100 brn|[from] brn
|upkeep
|turn|30
|inactive|Time left: 150 sec this turn | 150 sec total
|
|t:|1706296861
|move|p2a: Vikavolt|Thunderbolt|p1a: Type: Null
|-damage|p1a: Type: Null|0 fnt
|faint|p1a: Type: Null
|
|-damage|p2a: Vikavolt|55\/100 brn|[from] brn
|upkeep
|inactive|Time left: 150 sec this turn | 150 sec total
|
|t:|1706296861
|switch|p1a: Corsola|Corsola-Galar, L84, F|163\/238
|-activate|p1a: Corsola|move: Sticky Web
|-unboost|p1a: Corsola|spe|1
|turn|31
|inactive|Time left: 150 sec this turn | 150 sec total
|
|t:|1706296878
|move|p2a: Vikavolt|Thunderbolt|p1a: Corsola
|-damage|p1a: Corsola|87\/238
|move|p1a: Corsola|Night Shade|p2a: Vikavolt
|-damage|p2a: Vikavolt|23\/100 brn
|
|-damage|p2a: Vikavolt|17\/100 brn|[from] brn
|upkeep
|turn|32
|inactive|Time left: 150 sec this turn | 150 sec total
|
|t:|1706296886
|move|p2a: Vikavolt|Roost|p2a: Vikavolt
|-heal|p2a: Vikavolt|67\/100 brn
|-singleturn|p2a: Vikavolt|move: Roost
|move|p1a: Corsola|Strength Sap|p2a: Vikavolt
|-unboost|p2a: Vikavolt|atk|1
|-heal|p1a: Corsola|166\/238
|
|-damage|p2a: Vikavolt|60\/100 brn|[from] brn
|upkeep
|turn|33
|inactive|Time left: 150 sec this turn | 150 sec total
|
|t:|1706296903
|move|p2a: Vikavolt|Thunderbolt|p1a: Corsola
|-damage|p1a: Corsola|91\/238
|move|p1a: Corsola|Stealth Rock|p2a: Vikavolt
|-sidestart|p2: Jet_Engine|move: Stealth Rock
|
|-damage|p2a: Vikavolt|54\/100 brn|[from] brn
|upkeep
|turn|34
|inactive|Time left: 145 sec this turn | 145 sec total
|
|t:|1706296914
|move|p2a: Vikavolt|Thunderbolt|p1a: Corsola
|-damage|p1a: Corsola|21\/238
|move|p1a: Corsola|Strength Sap|p2a: Vikavolt
|-unboost|p2a: Vikavolt|atk|1
|-heal|p1a: Corsola|80\/238
|
|-damage|p2a: Vikavolt|48\/100 brn|[from] brn
|upkeep
|turn|35
|inactive|Time left: 150 sec this turn | 150 sec total
|
|t:|1706296926
|move|p2a: Vikavolt|Roost|p2a: Vikavolt
|-heal|p2a: Vikavolt|98\/100 brn
|-singleturn|p2a: Vikavolt|move: Roost
|move|p1a: Corsola|Night Shade|p2a: Vikavolt
|-damage|p2a: Vikavolt|66\/100 brn
|
|-damage|p2a: Vikavolt|60\/100 brn|[from] brn
|upkeep
|turn|36
|inactive|Time left: 150 sec this turn | 150 sec total
|
|t:|1706296935
|move|p2a: Vikavolt|Thunderbolt|p1a: Corsola
|-damage|p1a: Corsola|10\/238
|move|p1a: Corsola|Strength Sap|p2a: Vikavolt
|-unboost|p2a: Vikavolt|atk|1
|-heal|p1a: Corsola|57\/238
|
|-damage|p2a: Vikavolt|54\/100 brn|[from] brn
|upkeep
|turn|37
|inactive|Time left: 150 sec this turn | 150 sec total
|
|t:|1706296945
|move|p2a: Vikavolt|Thunderbolt|p1a: Corsola
|-damage|p1a: Corsola|0 fnt
|-start|p2a: Vikavolt|Disable|Thunderbolt|[from] ability: Cursed Body|[of] p1a: Corsola
|faint|p1a: Corsola
|
|win|Jet_Engine
|inactive|Time left: 150 sec this turn | 150 sec total
|raw|PokeLLM's rating: 1126 &rarr; <strong>1104<\/strong><br \/>(-22 for losing)
|raw|Jet_Engine's rating: 1164 &rarr; <strong>1186<\/strong><br \/>(+22 for winning)</script>
</div>
<div class="battle-log battle-log-inline"><div class="inner"><div class="battle-options"><div style="padding-top: 3px; padding-right: 3px; text-align: right"><button class="icon button" name="openBattleOptions" title="Options">Battle Options</button></div></div><div class="inner message-log"><div class="chat"><small>☆PokeLLM and ☆Jet_Engine joined</small></div><div class=""><small>Format:</small> <br><strong>[Gen 8] Random Battle</strong></div><div class="rated"><strong>Rated battle</strong></div><div class=""><small><em>Species Clause:</em> Limit one of each Pokémon</small></div><div class=""><small><em>HP Percentage Mod:</em> HP is shown in percentages</small></div><div class=""><small><em>Sleep Clause Mod:</em> Limit one foe put to sleep</small></div><div class=""><small><em>Illusion Level Mod:</em> Illusion disguises the Pokémon's true level</small></div><div class="spacer battle-history"><br></div><div class="battle-history">Battle started between PokeLLM and Jet_Engine!<br></div><div class="spacer battle-history"><br></div><div class="battle-history">Go! <strong>Type: Null</strong>!<br></div><div class="spacer battle-history"><br></div><div class="battle-history">Jet_Engine sent out <strong>Miltank</strong>!<br></div><div class="spacer battle-history"><br></div><h2 class="battle-history">Turn 1</h2><div class="spacer battle-history"><br></div><div class="battle-history">The opposing Miltank used <strong>Toxic</strong>!<br></div><div class="battle-history"><small>Type: Null was badly poisoned!</small><br></div><div class="spacer battle-history"><br></div><div class="battle-history">Type: Null used <strong>Swords Dance</strong>!<br></div><div class="battle-history"><small>Type: Null's Attack rose sharply!</small><br></div><div class="spacer battle-history"><br></div><div class="battle-history"><small>Type: Null was hurt by poison!</small><br></div><div class="spacer battle-history"><br></div><h2 class="battle-history">Turn 2</h2><div class="spacer battle-history"><br></div><div class="battle-history">The opposing Miltank used <strong>Earthquake</strong>!<br></div><div class="battle-history"><small>(Type: Null lost <abbr title="−38/304">12.5%</abbr> of its health!)</small><br></div><div class="spacer battle-history"><br></div><div class="battle-history">Type: Null used <strong>Crush Claw</strong>!<br></div><div class="battle-history"><small>The opposing Miltank avoided the attack!</small><br></div><div class="spacer battle-history"><br></div><div class="battle-history"><small>Type: Null was hurt by poison!</small><br></div><div class="spacer battle-history"><br></div><h2 class="battle-history">Turn 3</h2><div class="spacer battle-history"><br></div><div class="battle-history">Type: Null, come back!<br></div><div class="battle-history">Go! <strong>Gengar</strong>!<br></div><div class="spacer battle-history"><br></div><div class="battle-history">The opposing Miltank used <strong>Body Slam</strong>!<br></div><div class="battle-history"><small>It doesn't affect Gengar...</small><br></div><div class="spacer battle-history"><br></div><h2 class="battle-history">Turn 4</h2><div class="spacer battle-history"><br></div><div class="battle-history"><small>(Gengar's Dynamax!)</small><br></div><div class="spacer battle-history"><br></div><div class="battle-history">Gengar used <strong>Max Knuckle</strong>!<br></div><div class="battle-history"><small>It's super effective!</small><br></div><div class="battle-history"><small>(The opposing Miltank lost 82% of its health!)</small><br></div><div class="battle-history"><small>Gengar's Attack rose!</small><br></div><div class="battle-history"><small>Gengar lost some of its HP!</small><br></div><div class="spacer battle-history"><br></div><div class="battle-history">The opposing Miltank used <strong>Earthquake</strong>!<br></div><div class="battle-history"><small>It's super effective!</small><br></div><div class="battle-history"><small>(Gengar lost <abbr title="−154/454">33.9%</abbr> of its health!)</small><br></div><div class="battle-history">[Gengar's Cursed Body]<br><small>The opposing Miltank's Earthquake was disabled!</small><br></div><div class="spacer battle-history"><br></div><div class="battle-history"><small>The opposing Miltank restored a little HP using its Leftovers!</small><br></div><div class="spacer battle-history"><br></div><h2 class="battle-history">Turn 5</h2><div class="spacer battle-history"><br></div><div class="battle-history">Gengar used <strong>Max Knuckle</strong>!<br></div><div class="battle-history"><small>It's super effective!</small><br></div><div class="battle-history"><small>(The opposing Miltank lost 24% of its health!)</small><br></div><div class="battle-history"><small>Gengar's Attack rose!</small><br></div><div class="spacer battle-history"><br></div><div class="battle-history">The opposing Miltank fainted!<br></div><div class="battle-history"><small>Gengar lost some of its HP!</small><br></div><div class="spacer battle-history"><br></div><div class="battle-history">Jet_Engine sent out <strong>Crawdaunt</strong>!<br></div><div class="spacer battle-history"><br></div><h2 class="battle-history">Turn 6</h2><div class="spacer battle-history"><br></div><div class="battle-history">Gengar used <strong>Max Knuckle</strong>!<br></div><div class="battle-history"><small>It's super effective!</small><br></div><div class="battle-history"><small>(The opposing Crawdaunt lost 100% of its health!)</small><br></div><div class="battle-history"><small>Gengar's Attack rose!</small><br></div><div class="spacer battle-history"><br></div><div class="battle-history">The opposing Crawdaunt fainted!<br></div><div class="battle-history"><small>Gengar lost some of its HP!</small><br></div><div class="spacer battle-history"><br></div><div class="battle-history">Jet_Engine sent out <strong>Magmortar</strong>!<br></div><div class="battle-history"><small>(Gengar returned to normal!)</small><br></div><div class="spacer battle-history"><br></div><h2 class="battle-history">Turn 7</h2><div class="spacer battle-history"><br></div><div class="battle-history">Gengar used <strong>Shadow Ball</strong>!<br></div><div class="battle-history"><small>(The opposing Magmortar lost 44% of its health!)</small><br></div><div class="battle-history"><small>The opposing Magmortar's Sp. Def fell!</small><br></div><div class="battle-history"><small>Gengar lost some of its HP!</small><br></div><div class="spacer battle-history"><br></div><div class="battle-history">The opposing Magmortar used <strong>Earthquake</strong>!<br></div><div class="battle-history"><small>It's super effective!</small><br></div><div class="battle-history"><small>(Gengar lost <abbr title="−95/227">41.9%</abbr> of its health!)</small><br></div><div class="battle-history">[Gengar's Cursed Body]<br><small>The opposing Magmortar's Earthquake was disabled!</small><br></div><div class="spacer battle-history"><br></div><div class="battle-history">Gengar fainted!<br></div><div class="spacer battle-history"><br></div><div class="battle-history">Go! Corsola (<strong>Corsola-Galar</strong>)!<br></div><div class="spacer battle-history"><br></div><h2 class="battle-history">Turn 8</h2><div class="spacer battle-history"><br></div><div class="battle-history">Corsola used <strong>Sludge Bomb</strong>!<br></div><div class="battle-history"><small>A critical hit!</small><br></div><div class="battle-history"><small>(The opposing Magmortar lost 56% of its health!)</small><br></div><div class="spacer battle-history"><br></div><div class="battle-history">The opposing Magmortar fainted!<br></div><div class="spacer battle-history"><br></div><div class="battle-history">Jet_Engine sent out <strong>Duraludon</strong>!<br></div><div class="spacer battle-history"><br></div><h2 class="battle-history">Turn 9</h2><div class="spacer battle-history"><br></div><div class="battle-history">Corsola, come back!<br></div><div class="battle-history">Go! <strong>Mesprit</strong>!<br></div><div class="battle-history"><small>(The opposing Duraludon's Dynamax!)</small><br></div><div class="spacer battle-history"><br></div><div class="battle-history">The opposing Duraludon used <strong>Max Wyrmwind</strong>!<br></div><div class="battle-history"><small>(Mesprit lost <abbr title="−157/272">57.7%</abbr> of its health!)</small><br></div><div class="battle-history"><small>Mesprit's Attack fell!</small><br></div><div class="spacer battle-history"><br></div><div class="battle-history"><small>Mesprit restored a little HP using its Leftovers!</small><br></div><div class="spacer battle-history"><br></div><h2 class="battle-history">Turn 10</h2><div class="spacer battle-history"><br></div><div class="battle-history">Mesprit, come back!<br></div><div class="battle-history">Go! Corsola (<strong>Corsola-Galar</strong>)!<br></div><div class="spacer battle-history"><br></div><div class="battle-history">The opposing Duraludon used <strong>Max Wyrmwind</strong>!<br></div><div class="battle-history"><small>A critical hit!</small><br></div><div class="battle-history"><small>(Corsola lost <abbr title="−238/238">100%</abbr> of its health!)</small><br></div><div class="battle-history"><small>Zoroark's illusion wore off!</small><br></div><div class="battle-history"><small>(Illusion Level Mod is active, so this Pokémon's true level was hidden.)</small><br></div><div class="spacer battle-history"><br></div><div class="battle-history">Zoroark fainted!<br></div><div class="spacer battle-history"><br></div><div class="battle-history">Go! <strong>Luxray</strong>!<br></div><div class="spacer battle-history"><br></div><h2 class="battle-history">Turn 11</h2><div class="spacer battle-history"><br></div><div class="battle-history">Luxray, come back!<br></div><div class="battle-history">Go! Corsola (<strong>Corsola-Galar</strong>)!<br></div><div class="spacer battle-history"><br></div><div class="battle-history">The opposing Duraludon used <strong>Max Wyrmwind</strong>!<br></div><div class="battle-history"><small>(Corsola lost <abbr title="−111/238">46.6%</abbr> of its health!)</small><br></div><div class="battle-history"><small>Corsola's Attack fell!</small><br></div><div class="spacer battle-history"><br></div><div class="battle-history"><small>(The opposing Duraludon returned to normal!)</small><br></div><div class="spacer battle-history"><br></div><h2 class="battle-history">Turn 12</h2><div class="spacer battle-history"><br></div><div class="battle-history">The opposing Duraludon used <strong>Flash Cannon</strong>!<br></div><div class="battle-history"><small>(Corsola lost <abbr title="−57/238">23.9%</abbr> of its health!)</small><br></div><div class="battle-history">[Corsola's Cursed Body]<br><small>The opposing Duraludon's Flash Cannon was disabled!</small><br></div><div class="spacer battle-history"><br></div><div class="battle-history">Corsola used <strong>Strength Sap</strong>!<br></div><div class="battle-history"><small>The opposing Duraludon's Attack fell!</small><br></div><div class="battle-history"><small>Corsola had its HP restored.</small><br></div><div class="spacer battle-history"><br></div><h2 class="battle-history">Turn 13</h2><div class="spacer battle-history"><br></div><div class="battle-history">Jet_Engine withdrew Duraludon!<br></div><div class="battle-history">Jet_Engine sent out <strong>Dusknoir</strong>!<br></div><div class="battle-history">[The opposing Dusknoir's Frisk]<br><small>The opposing Dusknoir frisked Corsola and found its Eviolite!</small><br></div><div class="spacer battle-history"><br></div><div class="battle-history">Corsola used <strong>Will-O-Wisp</strong>!<br></div><div class="battle-history"><small>The opposing Dusknoir was burned!</small><br></div><div class="spacer battle-history"><br></div><div class="battle-history"><small>The opposing Dusknoir was hurt by its burn!</small><br></div><div class="spacer battle-history"><br></div><h2 class="battle-history">Turn 14</h2><div class="spacer battle-history"><br></div><div class="battle-history">Corsola, come back!<br></div><div class="battle-history">Go! <strong>Luxray</strong>!<br></div><div class="spacer battle-history"><br></div><div class="battle-history">The opposing Dusknoir used <strong>Will-O-Wisp</strong>!<br></div><div class="battle-history"><small>Luxray was burned!</small><br></div><div class="spacer battle-history"><br></div><div class="battle-history"><small>The opposing Dusknoir restored a little HP using its Leftovers!</small><br></div><div class="battle-history"><small>Luxray was hurt by its burn!</small><br></div><div class="battle-history"><small>The opposing Dusknoir was hurt by its burn!</small><br></div><div class="spacer battle-history"><br></div><h2 class="battle-history">Turn 15</h2><div class="spacer battle-history"><br></div><div class="battle-history">Jet_Engine withdrew Dusknoir!<br></div><div class="battle-history">Jet_Engine sent out <strong>Duraludon</strong>!<br></div><div class="spacer battle-history"><br></div><div class="battle-history">Luxray used <strong>Crunch</strong>!<br></div><div class="battle-history"><small>(The opposing Duraludon lost 34% of its health!)</small><br></div><div class="spacer battle-history"><br></div><div class="battle-history"><small>Luxray was hurt by its burn!</small><br></div><div class="spacer battle-history"><br></div><h2 class="battle-history">Turn 16</h2><div class="spacer battle-history"><br></div><div class="battle-history">The opposing Duraludon used <strong>Draco Meteor</strong>!<br></div><div class="battle-history"><small>(Luxray lost <abbr title="−163/272">59.9%</abbr> of its health!)</small><br></div><div class="battle-history"><small>The opposing Duraludon's Sp. Atk fell harshly!</small><br></div><div class="spacer battle-history"><br></div><div class="battle-history">Luxray used <strong>Crunch</strong>!<br></div><div class="battle-history"><small>(The opposing Duraludon lost 31% of its health!)</small><br></div><div class="spacer battle-history"><br></div><div class="battle-history"><small>Luxray was hurt by its burn!</small><br></div><div class="spacer battle-history"><br></div><h2 class="battle-history">Turn 17</h2><div class="spacer battle-history"><br></div><div class="battle-history">The opposing Duraludon used <strong>Body Press</strong>!<br></div><div class="battle-history"><small>(Luxray lost <abbr title="−58/272">21.3%</abbr> of its health!)</small><br></div><div class="spacer battle-history"><br></div><div class="battle-history">Luxray fainted!<br></div><div class="spacer battle-history"><br></div><div class="battle-history">Go! <strong>Mesprit</strong>!<br></div><div class="spacer battle-history"><br></div><h2 class="battle-history">Turn 18</h2><div class="spacer battle-history"><br></div><div class="battle-history">Jet_Engine withdrew Duraludon!<br></div><div class="battle-history">Jet_Engine sent out <strong>Vikavolt</strong>!<br></div><div class="spacer battle-history"><br></div><div class="battle-history">Mesprit used <strong>Ice Beam</strong>!<br></div><div class="battle-history"><small>(The opposing Vikavolt lost 27% of its health!)</small><br></div><div class="spacer battle-history"><br></div><div class="battle-history"><small>Mesprit restored a little HP using its Leftovers!</small><br></div><div class="spacer battle-history"><br></div><h2 class="battle-history">Turn 19</h2><div class="spacer battle-history"><br></div><div class="battle-history">Mesprit used <strong>Psychic</strong>!<br></div><div class="battle-history"><small>(The opposing Vikavolt lost 48% of its health!)</small><br></div><div class="spacer battle-history"><br></div><div class="battle-history">The opposing Vikavolt used <strong>Sticky Web</strong>!<br></div><div class="battle-history"><small>A sticky web has been laid out on the ground around your team!</small><br></div><div class="spacer battle-history"><br></div><div class="battle-history"><small>Mesprit restored a little HP using its Leftovers!</small><br></div><div class="spacer battle-history"><br></div><h2 class="battle-history">Turn 20</h2><div class="spacer battle-history"><br></div><div class="battle-history">Jet_Engine withdrew Vikavolt!<br></div><div class="battle-history">Jet_Engine sent out <strong>Dusknoir</strong>!<br></div><div class="battle-history">[The opposing Dusknoir's Frisk]<br><small>The opposing Dusknoir frisked Mesprit and found its Leftovers!</small><br></div><div class="spacer battle-history"><br></div><div class="battle-history">Mesprit used <strong>Psychic</strong>!<br></div><div class="battle-history"><small>(The opposing Dusknoir lost 32% of its health!)</small><br></div><div class="spacer battle-history"><br></div><div class="battle-history"><small>Mesprit restored a little HP using its Leftovers!</small><br></div><div class="battle-history"><small>The opposing Dusknoir restored a little HP using its Leftovers!</small><br></div><div class="battle-history"><small>The opposing Dusknoir was hurt by its burn!</small><br></div><div class="spacer battle-history"><br></div><h2 class="battle-history">Turn 21</h2><div class="spacer battle-history"><br></div><div class="battle-history">Mesprit used <strong>Psychic</strong>!<br></div><div class="battle-history"><small>(The opposing Dusknoir lost 33% of its health!)</small><br></div><div class="spacer battle-history"><br></div><div class="battle-history">The opposing Dusknoir used <strong>Will-O-Wisp</strong>!<br></div><div class="battle-history"><small>Mesprit was burned!</small><br></div><div class="spacer battle-history"><br></div><div class="battle-history"><small>Mesprit restored a little HP using its Leftovers!</small><br></div><div class="battle-history"><small>The opposing Dusknoir restored a little HP using its Leftovers!</small><br></div><div class="battle-history"><small>Mesprit was hurt by its burn!</small><br></div><div class="battle-history"><small>The opposing Dusknoir was hurt by its burn!</small><br></div><div class="spacer battle-history"><br></div><h2 class="battle-history">Turn 22</h2><div class="chat message-error">Battle timer is ON: inactive players will automatically lose when time's up. (requested by PokeLLM)</div><div class="spacer battle-history"><br></div><div class="battle-history">The opposing Dusknoir used <strong>Shadow Sneak</strong>!<br></div><div class="battle-history"><small>It's super effective!</small><br></div><div class="battle-history"><small>(Mesprit lost <abbr title="−39/272">14.3%</abbr> of its health!)</small><br></div><div class="spacer battle-history"><br></div><div class="battle-history">Mesprit used <strong>Psychic</strong>!<br></div><div class="battle-history"><small>(The opposing Dusknoir lost 30% of its health!)</small><br></div><div class="spacer battle-history"><br></div><div class="battle-history">The opposing Dusknoir fainted!<br></div><div class="spacer battle-history"><br></div><div class="battle-history"><small>Mesprit restored a little HP using its Leftovers!</small><br></div><div class="battle-history"><small>Mesprit was hurt by its burn!</small><br></div><div class="spacer battle-history"><br></div><div class="battle-history">Jet_Engine sent out <strong>Duraludon</strong>!<br></div><div class="spacer battle-history"><br></div><h2 class="battle-history">Turn 23</h2><div class="spacer battle-history"><br></div><div class="battle-history">The opposing Duraludon used <strong>Draco Meteor</strong>!<br></div><div class="battle-history"><small>(Mesprit lost <abbr title="−144/272">52.9%</abbr> of its health!)</small><br></div><div class="battle-history"><small>The opposing Duraludon's Sp. Atk fell harshly!</small><br></div><div class="spacer battle-history"><br></div><div class="battle-history">Mesprit fainted!<br></div><div class="spacer battle-history"><br></div><div class="battle-history">Go! Corsola (<strong>Corsola-Galar</strong>)!<br></div><div class="battle-history"><small>Corsola was caught in a sticky web!</small><br></div><div class="battle-history"><small>Corsola's Speed fell!</small><br></div><div class="spacer battle-history"><br></div><h2 class="battle-history">Turn 24</h2><div class="spacer battle-history"><br></div><div class="battle-history">Jet_Engine withdrew Duraludon!<br></div><div class="battle-history">Jet_Engine sent out <strong>Vikavolt</strong>!<br></div><div class="spacer battle-history"><br></div><div class="battle-history">Corsola used <strong>Strength Sap</strong>!<br></div><div class="battle-history"><small>The opposing Vikavolt's Attack fell!</small><br></div><div class="battle-history"><small>Corsola had its HP restored.</small><br></div><div class="spacer battle-history"><br></div><h2 class="battle-history">Turn 25</h2><div class="spacer battle-history"><br></div><div class="battle-history">The opposing Vikavolt used <strong>Roost</strong>!<br></div><div class="battle-history"><small>The opposing Vikavolt had its HP restored.</small><br></div><div class="spacer battle-history"><br></div><div class="battle-history">Corsola used <strong>Night Shade</strong>!<br></div><div class="battle-history"><small>(The opposing Vikavolt lost 32% of its health!)</small><br></div><div class="spacer battle-history"><br></div><h2 class="battle-history">Turn 26</h2><div class="spacer battle-history"><br></div><div class="battle-history">The opposing Vikavolt used <strong>Roost</strong>!<br></div><div class="battle-history"><small>The opposing Vikavolt had its HP restored.</small><br></div><div class="spacer battle-history"><br></div><div class="battle-history">Corsola used <strong>Night Shade</strong>!<br></div><div class="battle-history"><small>(The opposing Vikavolt lost 32% of its health!)</small><br></div><div class="spacer battle-history"><br></div><h2 class="battle-history">Turn 27</h2><div class="spacer battle-history"><br></div><div class="battle-history">The opposing Vikavolt used <strong>Thunderbolt</strong>!<br></div><div class="battle-history"><small>(Corsola lost <abbr title="−75/238">31.5%</abbr> of its health!)</small><br></div><div class="spacer battle-history"><br></div><div class="battle-history">Corsola used <strong>Will-O-Wisp</strong>!<br></div><div class="battle-history"><small>The opposing Vikavolt was burned!</small><br></div><div class="spacer battle-history"><br></div><div class="battle-history"><small>The opposing Vikavolt was hurt by its burn!</small><br></div><div class="spacer battle-history"><br></div><h2 class="battle-history">Turn 28</h2><div class="spacer battle-history"><br></div><div class="battle-history">Corsola, come back!<br></div><div class="battle-history">Go! <strong>Type: Null</strong>!<br></div><div class="battle-history"><small>Type: Null was caught in a sticky web!</small><br></div><div class="battle-history"><small>Type: Null's Speed fell!</small><br></div><div class="spacer battle-history"><br></div><div class="battle-history">The opposing Vikavolt used <strong>Thunderbolt</strong>!<br></div><div class="battle-history"><small>(Type: Null lost <abbr title="−79/304">26.0%</abbr> of its health!)</small><br></div><div class="spacer battle-history"><br></div><div class="battle-history"><small>Type: Null was hurt by poison!</small><br></div><div class="battle-history"><small>The opposing Vikavolt was hurt by its burn!</small><br></div><div class="spacer battle-history"><br></div><h2 class="battle-history">Turn 29</h2><div class="spacer battle-history"><br></div><div class="battle-history">The opposing Vikavolt used <strong>Roost</strong>!<br></div><div class="battle-history"><small>The opposing Vikavolt had its HP restored.</small><br></div><div class="spacer battle-history"><br></div><div class="battle-history">Type: Null used <strong>Crush Claw</strong>!<br></div><div class="battle-history"><small>(The opposing Vikavolt lost 32% of its health!)</small><br></div><div class="battle-history"><small>The opposing Vikavolt's Defense fell!</small><br></div><div class="spacer battle-history"><br></div><div class="battle-history"><small>Type: Null was hurt by poison!</small><br></div><div class="battle-history"><small>The opposing Vikavolt was hurt by its burn!</small><br></div><div class="spacer battle-history"><br></div><h2 class="battle-history">Turn 30</h2><div class="spacer battle-history"><br></div><div class="battle-history">The opposing Vikavolt used <strong>Thunderbolt</strong>!<br></div><div class="battle-history"><small>(Type: Null lost <abbr title="−73/304">24.0%</abbr> of its health!)</small><br></div><div class="spacer battle-history"><br></div><div class="battle-history">Type: Null fainted!<br></div><div class="spacer battle-history"><br></div><div class="battle-history"><small>The opposing Vikavolt was hurt by its burn!</small><br></div><div class="spacer battle-history"><br></div><div class="battle-history">Go! Corsola (<strong>Corsola-Galar</strong>)!<br></div><div class="battle-history"><small>Corsola was caught in a sticky web!</small><br></div><div class="battle-history"><small>Corsola's Speed fell!</small><br></div><div class="spacer battle-history"><br></div><h2 class="battle-history">Turn 31</h2><div class="spacer battle-history"><br></div><div class="battle-history">The opposing Vikavolt used <strong>Thunderbolt</strong>!<br></div><div class="battle-history"><small>(Corsola lost <abbr title="−76/238">31.9%</abbr> of its health!)</small><br></div><div class="spacer battle-history"><br></div><div class="battle-history">Corsola used <strong>Night Shade</strong>!<br></div><div class="battle-history"><small>(The opposing Vikavolt lost 32% of its health!)</small><br></div><div class="spacer battle-history"><br></div><div class="battle-history"><small>The opposing Vikavolt was hurt by its burn!</small><br></div><div class="spacer battle-history"><br></div><h2 class="battle-history">Turn 32</h2><div class="spacer battle-history"><br></div><div class="battle-history">The opposing Vikavolt used <strong>Roost</strong>!<br></div><div class="battle-history"><small>The opposing Vikavolt had its HP restored.</small><br></div><div class="spacer battle-history"><br></div><div class="battle-history">Corsola used <strong>Strength Sap</strong>!<br></div><div class="battle-history"><small>The opposing Vikavolt's Attack fell!</small><br></div><div class="battle-history"><small>Corsola had its HP restored.</small><br></div><div class="spacer battle-history"><br></div><div class="battle-history"><small>The opposing Vikavolt was hurt by its burn!</small><br></div><div class="spacer battle-history"><br></div><h2 class="battle-history">Turn 33</h2><div class="spacer battle-history"><br></div><div class="battle-history">The opposing Vikavolt used <strong>Thunderbolt</strong>!<br></div><div class="battle-history"><small>(Corsola lost <abbr title="−75/238">31.5%</abbr> of its health!)</small><br></div><div class="spacer battle-history"><br></div><div class="battle-history">Corsola used <strong>Stealth Rock</strong>!<br></div><div class="battle-history"><small>Pointed stones float in the air around the opposing team!</small><br></div><div class="spacer battle-history"><br></div><div class="battle-history"><small>The opposing Vikavolt was hurt by its burn!</small><br></div><div class="spacer battle-history"><br></div><h2 class="battle-history">Turn 34</h2><div class="spacer battle-history"><br></div><div class="battle-history">The opposing Vikavolt used <strong>Thunderbolt</strong>!<br></div><div class="battle-history"><small>(Corsola lost <abbr title="−70/238">29.4%</abbr> of its health!)</small><br></div><div class="spacer battle-history"><br></div><div class="battle-history">Corsola used <strong>Strength Sap</strong>!<br></div><div class="battle-history"><small>The opposing Vikavolt's Attack fell!</small><br></div><div class="battle-history"><small>Corsola had its HP restored.</small><br></div><div class="spacer battle-history"><br></div><div class="battle-history"><small>The opposing Vikavolt was hurt by its burn!</small><br></div><div class="spacer battle-history"><br></div><h2 class="battle-history">Turn 35</h2><div class="spacer battle-history"><br></div><div class="battle-history">The opposing Vikavolt used <strong>Roost</strong>!<br></div><div class="battle-history"><small>The opposing Vikavolt had its HP restored.</small><br></div><div class="spacer battle-history"><br></div><div class="battle-history">Corsola used <strong>Night Shade</strong>!<br></div><div class="battle-history"><small>(The opposing Vikavolt lost 32% of its health!)</small><br></div><div class="spacer battle-history"><br></div><div class="battle-history"><small>The opposing Vikavolt was hurt by its burn!</small><br></div><div class="spacer battle-history"><br></div><h2 class="battle-history">Turn 36</h2><div class="spacer battle-history"><br></div><div class="battle-history">The opposing Vikavolt used <strong>Thunderbolt</strong>!<br></div><div class="battle-history"><small>(Corsola lost <abbr title="−70/238">29.4%</abbr> of its health!)</small><br></div><div class="spacer battle-history"><br></div><div class="battle-history">Corsola used <strong>Strength Sap</strong>!<br></div><div class="battle-history"><small>The opposing Vikavolt's Attack fell!</small><br></div><div class="battle-history"><small>Corsola had its HP restored.</small><br></div><div class="spacer battle-history"><br></div><div class="battle-history"><small>The opposing Vikavolt was hurt by its burn!</small><br></div><div class="spacer battle-history"><br></div><h2 class="battle-history">Turn 37</h2><div class="spacer battle-history"><br></div><div class="battle-history">The opposing Vikavolt used <strong>Thunderbolt</strong>!<br></div><div class="battle-history"><small>(Corsola lost <abbr title="−57/238">23.9%</abbr> of its health!)</small><br></div><div class="battle-history">[Corsola's Cursed Body]<br><small>The opposing Vikavolt's Thunderbolt was disabled!</small><br></div><div class="spacer battle-history"><br></div><div class="battle-history">Corsola fainted!<br></div><div class="spacer battle-history"><br></div><div class="battle-history"><strong>Jet_Engine</strong> won the battle!<br></div><div class="chat">PokeLLM's rating: 1126 → <strong>1104</strong><br>(-22 for losing)</div><div class="chat">Jet_Engine's rating: 1164 → <strong>1186</strong><br>(+22 for winning)</div></div><div class="inner-preempt message-log"></div></div></div>
</div>
<script>
let daily = Math.floor(Date.now()/1000/60/60/24);document.write('<script src="https://play.pokemonshowdown.com/js/replay-embed.js?version'+daily+'"></'+'script>');
</script>
